{"2011Q1": {"Date": ["2010", "2011", "2012", "2013", "2014", "2015", "2016", "2017", "2018", "2019", "2020", "Terminal"], "revenueGrowth": [0.0, 5.579447778181027, 7.282998910708623, 8.98655004323622, 10.690101175763814, 10.690101175763814, 9.23974760721105, 7.789394038658288, 6.339040470105525, 4.888686901552762, 3.438333332999999, 3.438333333], "revenue": [65759000000.0, 69427989064.45406, 74484428751.74515, 81178009215.93936, 89856020533.59415, 99461720041.15047, 108651731938.74362, 117115043469.2791, 124539013471.37837, 130627335910.27666, 135118739142.88959, 139764571789.9689], "netMargin": [31.320427622074543, 30.974067817480677, 30.62770801288681, 30.281348208292943, 29.934988403699077, 29.588628599105206, 29.588628599105206, 29.588628599105206, 29.588628599105206, 29.588628599105206, 29.588628599105206, 29.588628599105206], "netIncome": [20596000000.0, 21504672417.137066, 22812873353.15122, 24581795639.23873, 26898389326.756866, 29429358941.2578, 32148557429.85022, 34652735245.80561, 36849386157.03574, 38650837271.39734, 39979781892.78339, 41354420060.06367], "netGrowth": [0.0, 4.411887828399038, 6.083333475806159, 7.754052980104611, 9.424021424294443, 9.409372374513449, 9.239747607211049, 7.789394038658294, 6.339040470105509, 4.888686901552741, 3.4383333330000125, 3.4383333330000294], "bvEquity": [0.0, 46942000000.0, 63126630749.909775, 79689548229.78053, 96883473632.76271, 114982902636.1412, 134003255272.25882, 151832399358.4855, 167872003327.63428, 181548566736.5185, 192348709242.25705, 199853281595.2617], "costOfEquity": [0.0, 9.273391935341294, 9.273391935341294, 9.273391935341294, 9.273391935341294, 9.273391935341294, 9.273391935341294, 9.273391935341294, 9.273391935341294, 9.273391935341294, 9.273391935341294, 9.273391935341294], "returnOnEquity": [0.4387542073196711, 0.45811155078899635, 0.3613827172802791, 0.3084695067960286, 0.27763650825232944, 0.25594552117357683, 0.23990877956310044, 0.22823017611668245, 0.21950882473903124, 0.21289530380865695, 0.20785053380540303, 0.206923898021418], "dividendpayout": [22.0813885849975, 24.73900352459103, 27.39661846418456, 30.05423340377809, 32.711848343371614, 35.36946328296514, 44.541386887636286, 53.71331049230743, 62.88523409697857, 72.05715770164971, 81.22908130632085, 81.22908130632085], "dividendPaid": [0.0, 5320041667.227294, 6249955873.280465, 7387870236.256552, 8798960323.378363, 10409006305.140196, 14319413343.623528, 18613131276.656822, 23172822748.151543, 27850694765.658783, 32475209539.77876, 33591815494.346577], "retainedEarning": [0.0, 16184630749.909771, 16562917479.870754, 17193925402.982178, 18099429003.3785, 19020352636.117607, 17829144086.226692, 16039603969.148788, 13676563408.884201, 10800142505.738556, 7504572353.004627, 7762604565.717091], "equityCost": [0.0, 4353115642.28791, 5853979885.0148115, 7389924138.85038, 8984384230.539127, 10662815220.081251, 12426647067.512459, 14080013477.344982, 15567428818.280708, 16835710146.472015, 17837249690.60454, 18533178097.969925], "excessEquity": [0.0, 17151556774.849155, 16958893468.136406, 17191871500.38835, 17914005096.21774, 18766543721.17655, 19721910362.33776, 20572721768.46063, 21281957338.755035, 21815127124.925323, 22142532202.178844, 22821241962.093742], "cumulatedDiscount": [0.0, 1.092733919353413, 1.1940674185054712, 1.3047979701956955, 1.42579699993632, 1.5580167439427528, 1.7024977430268071, 1.8603770314280226, 2.0328970850274106, 2.2214155993641307, 2.4274161744059772, 2.652519990160511], "presentValue": [0.0, 15696004737.363684, 14202626422.352802, 13175887679.998375, 12564204509.49036, 12045148933.178669, 11584103675.388676, 11058361515.390802, 10468782456.081923, 9820371807.585125, 9121852460.094706, 8603607907.48], "Price Target USD": [37.699767377149726, 41.19581456474476, 45.01606391028995, 49.19057995055486, 53.752215224637226, 58.736868816346025, 64.18376887223305, 70.1357813186288, 76.63974720721913, 83.74685134399934, 91.51302510263604, 99.99938659229073], "Price Target Local": [37.699767377149726, 41.19581456474476, 45.01606391028995, 49.19057995055486, 53.752215224637226, 58.736868816346025, 64.18376887223305, 70.1357813186288, 76.63974720721913, 83.74685134399934, 91.51302510263604, 99.99938659229073], "Equity Invested": 46942000000.0, "PV of Equity Excess Return": 119737344196.92513, "Terminal  Value of Excess Equity Return": 161120133147.3918, "Value of Equity": 327799477344.3169, "Number of shares": 8695000000, "Estimated Value/Share": 37.699767377149726, "Estimated Value/Share (Local Currency)": 37.699767377149726, "Current price": 20.19, "Valuation": 86.72494986205905}, "2011Q2": {"Date": ["2010", "2011", "2012", "2013", "2014", "2015", "2016", "2017", "2018", "2019", "2020", "Terminal"], "revenueGrowth": [0.0, 5.579447778181027, 7.282998910708623, 8.98655004323622, 10.690101175763814, 10.690101175763814, 9.196114274011052, 7.702127372258289, 6.208140470505526, 4.714153568752764, 3.220166667000001, 3.220166667], "revenue": [66690000000.0, 70410933723.26892, 75538961259.35437, 82327307815.06708, 91128180315.78026, 100869874991.16965, 110145983963.40971, 118629567943.69872, 125994258161.19733, 131933820978.72697, 136182309904.38339, 140567607254.275], "netMargin": [30.84120557804768, 30.590690182259188, 30.340174786470694, 30.0896593906822, 29.839143994893707, 29.588628599105206, 29.588628599105206, 29.588628599105206, 29.588628599105206, 29.588628599105206, 29.588628599105206, 29.588628599105206], "netIncome": [20568000000.0, 21539190589.72105, 22918652877.9725, 24772006507.07217, 27191868944.352055, 29846012679.51889, 32590686111.76328, 35100862267.584175, 37279973103.51447, 39037408286.00387, 40294477895.29047, 41592027241.116295], "netGrowth": [0.0, 4.721852342089898, 6.404429556000854, 8.086660411358467, 9.768536257202406, 9.760799232294477, 9.196114274011064, 7.7021273722582775, 6.208140470505529, 4.7141535687527565, 3.220166667000014, 3.2201666670000044], "bvEquity": [0.0, 48481000000.0, 64518433987.92398, 81019951191.46396, 98247337353.50525, 116489587587.29324, 135779225770.70058, 153775934742.24518, 169855735905.09357, 183425699262.33377, 193961900122.6109, 201045620900.28253], "costOfEquity": [0.0, 8.917898785306509, 8.917898785306509, 8.917898785306509, 8.917898785306509, 8.917898785306509, 8.917898785306509, 8.917898785306509, 8.917898785306509, 8.917898785306509, 8.917898785306509, 8.917898785306509], "returnOnEquity": [0.4242486747385574, 0.4442810707229853, 0.3552264285004534, 0.30575193076248214, 0.2767695255344435, 0.2562118494681194, 0.2400270433622986, 0.2282597880248248, 0.21948021304587886, 0.21282409413183112, 0.20774429344020012, 0.2068785535087367], "dividendpayout": [23.086390850032966, 25.5430053366194, 27.999619823205837, 30.456234309792272, 32.91284879637871, 35.36946328296514, 44.779594667542504, 54.189726052119866, 63.59985743669723, 73.00998882127459, 82.42012020585196, 82.42012020585196], "dividendPaid": [0.0, 5501756601.797071, 6417135674.432523, 7544620345.030889, 8949618710.564053, 10556374496.111555, 14593977140.218664, 19021061104.735775, 23710009746.274277, 28501207425.72674, 33210757117.618847, 34280198848.17874], "retainedEarning": [0.0, 16037433987.923979, 16501517203.539978, 17227386162.041283, 18242250233.788002, 19289638183.407333, 17996708971.544617, 16079801162.8484, 13569963357.240196, 10536200860.277126, 7083720777.671619, 7311828392.937553], "equityCost": [0.0, 4323486510.104448, 5753688640.907855, 7225277243.159491, 8761598104.444233, 10388423516.455786, 12108653925.70389, 13713582216.472412, 15147562609.053772, 16357718206.455633, 17297325934.99174, 17929044984.178226], "excessEquity": [0.0, 17215704079.6166, 17164964237.064644, 17546729263.91268, 18430270839.90782, 19457589163.063103, 20482032186.059387, 21387280051.111763, 22132410494.4607, 22679690079.548233, 22997151960.298725, 23662982256.93807], "cumulatedDiscount": [0.0, 1.089178987853065, 1.1863108675806273, 1.2921048700305593, 1.4073334745399009, 1.5328380493711067, 1.6695349951566887, 1.818422436210034, 1.9805875085605498, 2.1572142979284035, 2.349592485599819, 2.559126765332778], "presentValue": [0.0, 15806129453.113424, 14469195812.115437, 13579957533.553516, 13095880381.821533, 12693832313.887413, 12268105936.969063, 11761447519.140408, 11174669333.619135, 10513415427.16817, 9787719402.936321, 9246506494.906294], "Price Target USD": [40.8853739823303, 44.53149025206856, 48.50276348033667, 52.8281908355897, 57.53935542441616, 62.670656902883366, 68.25956265356922, 74.3468813623074, 80.97706099222988, 88.19851333083287, 96.06396747982161, 104.63085486882187], "Price Target Local": [40.8853739823303, 44.53149025206856, 48.50276348033667, 52.8281908355897, 57.53935542441616, 62.670656902883366, 68.25956265356922, 74.3468813623074, 80.97706099222988, 88.19851333083287, 96.06396747982161, 104.63085486882187], "Equity Invested": 48481000000.0, "PV of Equity Excess Return": 125150353114.32443, "Terminal  Value of Excess Equity Return": 176756301914.24622, "Value of Equity": 350387655028.5707, "Number of shares": 8570000000, "Estimated Value/Share": 40.8853739823303, "Estimated Value/Share (Local Currency)": 40.8853739823303, "Current price": 22.31, "Valuation": 83.26030471685478}, "2011Q3": {"Date": ["2010", "2011", "2012", "2013", "2014", "2015", "2016", "2017", "2018", "2019", "2020", "Terminal"], "revenueGrowth": [0.0, 5.579447778181027, 7.282998910708623, 8.98655004323622, 10.690101175763814, 10.690101175763814, 9.045447607211052, 7.400794038658289, 5.756140470105526, 4.111486901552763, 2.4668333330000003, 2.466833333], "revenue": [68615000000.0, 72443338092.99892, 77719385617.193, 84703677098.97778, 93758585880.45079, 103781473572.03638, 113168972389.9865, 121544374952.23547, 128540639907.99791, 133825571480.98735, 137126825286.35808, 140509515521.00662], "netMargin": [31.76273409604314, 31.327912996655552, 30.893091897267965, 30.458270797880378, 30.02344969849279, 29.588628599105206, 29.588628599105206, 29.588628599105206, 29.588628599105206, 29.588628599105206, 29.588628599105206, 29.588628599105206], "netIncome": [21794000000.0, 22694985929.64773, 24009921220.711494, 25799275346.56884, 28149561869.835304, 30707514769.908363, 33485146929.89702, 35963313687.72081, 38033412541.29071, 39597151316.139404, 40573947043.72437, 41574838693.912735], "netGrowth": [0.0, 4.13410080594536, 5.793946271391995, 7.452561419959215, 9.109893559777985, 9.08700786144074, 9.045447607211047, 7.400794038658301, 5.756140470105534, 4.111486901552764, 2.466833332999984, 2.466833333000003], "bvEquity": [0.0, 53452000000.0, 70398581859.25374, 87724360377.08678, 105693758954.5249, 124593561245.09659, 144439992853.3511, 162655199442.34293, 178538469809.45654, 191444171061.87344, 200828643880.39905, 206292819097.66208], "costOfEquity": [0.0, 8.359491201516146, 8.359491201516146, 8.359491201516146, 8.359491201516146, 8.359491201516146, 8.359491201516146, 8.359491201516146, 8.359491201516146, 8.359491201516146, 8.359491201516146, 8.359491201516146], "returnOnEquity": [0.40773030008231687, 0.42458628170410334, 0.34105688760483804, 0.2940947672421844, 0.2663313534146018, 0.24646149016883379, 0.2318273925968291, 0.22110153140520342, 0.21302642832035865, 0.20683393543145212, 0.20203266954233717, 0.20153313564555336], "dividendpayout": [22.818835073001804, 25.328960714994473, 27.839086356987142, 30.34921199897981, 32.85933764097248, 35.36946328296514, 45.602130320269005, 55.83479735757287, 66.06746439487672, 76.30013143218058, 86.53279846948443, 86.53279846948445], "dividendPaid": [0.0, 5748404070.393997, 6684142702.878454, 7829876769.130712, 9249759579.263628, 10861083161.653835, 15269940340.905195, 20080043320.607178, 25127711288.873817, 30212678497.613785, 35109771826.46135, 35975871381.01675], "retainedEarning": [0.0, 16946581859.253735, 17325778517.83304, 17969398577.43813, 18899802290.57168, 19846431608.254528, 18215206588.99182, 15883270367.113632, 12905701252.416893, 9384472818.52562, 5464175217.263023, 5598967312.895988], "equityCost": [0.0, 4468315237.03441, 5884963256.5164585, 7333310187.308886, 8835460480.355194, 10415387789.93948, 12074448494.046436, 13597147086.191196, 14924907675.043081, 16003758635.73283, 16788252815.306152, 17245030061.828682], "excessEquity": [0.0, 18226670692.61332, 18124957964.195038, 18465965159.259956, 19314101389.48011, 20292126979.968884, 21410698435.850582, 22366166601.529613, 23108504866.247627, 23593392680.406574, 23785694228.41822, 24329808632.084053], "cumulatedDiscount": [0.0, 1.0835949120151616, 1.1741779333451456, 1.2723332343732774, 1.3786938191546774, 1.4939456076627597, 1.6188318592907651, 1.754157966135517, 1.9007966469753104, 2.0596935754379255, 2.2318734786548524, 2.4184467457319774], "presentValue": [0.0, 16820557655.366966, 15436295853.864653, 14513466016.908592, 14008985259.194258, 13582908826.05519, 13226017460.041178, 12750371992.325872, 12157273584.746483, 11454807143.043219, 10657277151.191309, 10060096909.316185], "Price Target USD": [43.837140814471184, 47.50170274385315, 51.472603405295914, 55.77545115815293, 60.43799509032467, 65.49030397227313, 70.96496017068148, 76.89726977230904, 83.32549027313136, 90.29107730113398, 97.83895196387643, 106.01779054495229], "Price Target Local": [43.837140814471184, 47.50170274385315, 51.472603405295914, 55.77545115815293, 60.43799509032467, 65.49030397227313, 70.96496017068148, 76.89726977230904, 83.32549027313136, 90.29107730113398, 97.83895196387643, 106.01779054495229], "Equity Invested": 53452000000.0, "PV of Equity Excess Return": 134607960942.73773, "Terminal  Value of Excess Equity Return": 184994107388.41205, "Value of Equity": 373054068331.1498, "Number of shares": 8510000000, "Estimated Value/Share": 43.837140814471184, "Estimated Value/Share (Local Currency)": 43.837140814471184, "Current price": 20.76, "Valuation": 111.1615646169132}, "2011Q4": {"Date": ["2010", "2011", "2013", "2014", "2015", "2016", "2017", "2018", "2019", "2020", "2021", "Terminal"], "revenueGrowth": [0.0, 5.763571302795272, 7.40574792711812, 9.047924551440968, 10.690101175763814, 10.690101175763814, 8.955314274011052, 7.220527372258289, 5.485740470505526, 3.750953568752763, 2.0161666670000002, 2.016166667], "revenue": [69943000000.0, 73974214676.3141, 79452558546.30714, 86641366097.76648, 95903415793.68164, 106155587973.03966, 115662154495.44965, 124013572020.13725, 130816634729.36543, 135723505958.26884, 138459918044.68323, 141251500759.45566], "netMargin": [33.09838010951775, 32.39642980743524, 31.69447950535273, 30.992529203270223, 30.290578901187715, 29.588628599105206, 29.588628599105206, 29.588628599105206, 29.588628599105206, 29.588628599105206, 29.588628599105206, 29.588628599105206], "netIncome": [23150000000.0, 23965004533.213554, 25182074884.937695, 26852350689.962543, 29049699829.91926, 31409982662.539097, 34222845323.38186, 36693915237.52226, 38706848195.92001, 40158724099.67659, 40968390908.86677, 41794381950.3776], "netGrowth": [0.0, 3.520537940447319, 5.0785316983244435, 6.632796593039682, 8.183079259344277, 8.124981829206043, 8.955314274011057, 7.220527372258291, 5.4857404705055215, 3.7509535687527635, 2.016166667000007, 2.0161666670000087], "bvEquity": [0.0, 57083000000.0, 75046325072.44324, 93271851283.83871, 112013049603.19876, 131537940776.57303, 151838381154.09964, 170286481113.1329, 186131306885.10208, 198694132705.20132, 207421268508.46918, 211930607534.18225], "costOfEquity": [0.0, 8.370787271454171, 8.370787271454171, 8.370787271454171, 8.370787271454171, 8.370787271454171, 8.370787271454171, 8.370787271454171, 8.370787271454171, 8.370787271454171, 8.370787271454171, 8.370787271454171], "returnOnEquity": [0.4055498134295675, 0.41982734847876874, 0.3355537377830173, 0.28789340321172835, 0.25934210284271814, 0.23879028725173132, 0.2253899512314304, 0.2154834312017053, 0.20795452868019434, 0.20211328614951765, 0.1975129706006691, 0.19720786174614535], "dividendpayout": [22.462027698423643, 25.043514815331942, 27.62500193224024, 30.20648904914854, 32.78797616605684, 35.36946328296514, 46.09419589542698, 56.81892850788881, 67.54366112035065, 78.26839373281248, 88.99312634527432, 88.9931263452743], "dividendPaid": [0.0, 6001679460.770308, 6956548673.542222, 8111152370.602498, 9524808656.544981, 11109542285.012482, 15774745364.348604, 20849089465.553093, 26144022375.820774, 31431588296.408726, 36459051883.15368, 37194127134.32606], "retainedEarning": [0.0, 17963325072.443245, 18225526211.395473, 18741198319.360046, 19524891173.374275, 20300440377.526615, 18448099959.033257, 15844825771.96917, 12562825820.09924, 8727135803.267864, 4509339025.713089, 4600254816.051544], "equityCost": [0.0, 4778296498.164185, 6281968226.858198, 7807588255.117234, 9376374098.552208, 11010761203.6583, 12710067882.829441, 14254319086.02534, 15580655744.929426, 16632263169.61325, 17362793142.595715, 17740260319.786823], "excessEquity": [0.0, 19186708035.04937, 18900106658.0795, 19044762434.84531, 19673325731.36705, 20399221458.8808, 21512777440.552418, 22439596151.496925, 23126192450.990585, 23526460930.06334, 23605597766.271053, 24054121630.59078], "cumulatedDiscount": [0.0, 1.0837078727145417, 1.1744227533834775, 1.2727311837367632, 1.3792688036648282, 1.4947244611211419, 1.6198446660559824, 1.7554384171795259, 1.9023824327630061, 2.061626819299112, 2.2342012146738877, 2.421221445570484], "presentValue": [0.0, 17704686399.47153, 16093103274.463005, 14963695930.612404, 14263590736.695734, 13647479511.762346, 13280765675.471828, 12782901372.040592, 12156437135.199085, 11411600154.707724, 10565564825.241856, 9934705342.461226], "Price Target USD": [43.15651583285617, 46.769055966996, 50.68399415086058, 54.926643481905394, 59.52443596312575, 64.50709987213196, 69.90685197741261, 75.75860584461218, 82.1001975796841, 88.97263046852304, 96.42034009486012, 104.4914816506135], "Price Target Local": [43.15651583285617, 46.769055966996, 50.68399415086058, 54.926643481905394, 59.52443596312575, 64.50709987213196, 69.90685197741261, 75.75860584461218, 82.1001975796841, 88.97263046852304, 96.42034009486012, 104.4914816506135], "Equity Invested": 57083000000.0, "PV of Equity Excess Return": 136869825015.66609, "Terminal  Value of Excess Equity Return": 169425038296.9829, "Value of Equity": 363377863312.649, "Number of shares": 8420000000, "Estimated Value/Share": 43.15651583285617, "Estimated Value/Share (Local Currency)": 43.15651583285617, "Current price": 21.69, "Valuation": 98.9696442270916}, "2012Q1": {"Date": ["2011", "2012", "2013", "2014", "2015", "2016", "2017", "2018", "2019", "2020", "2021", "Terminal"], "revenueGrowth": [0.0, 5.763571302795272, 7.40574792711812, 9.047924551440968, 10.690101175763814, 10.690101175763814, 8.955380940611052, 7.22066070545829, 5.485940470305527, 3.7512202351527644, 2.0165000000000015, 2.0165], "revenue": [71120000000.0, 75219051910.548, 80789585288.21132, 88099366010.51073, 97517277372.2408, 107941972987.18356, 117608587862.99733, 126100704953.06516, 133018514559.42592, 138008331994.07874, 140791270008.73932, 143630325968.46555], "netMargin": [33.011811023622045, 32.32717453871868, 31.64253805381531, 30.957901568911943, 30.273265084008575, 29.588628599105206, 29.588628599105206, 29.588628599105206, 29.588628599105206, 29.588628599105206, 29.588628599105206, 29.588628599105206], "netIncome": [23478000000.0, 24316194197.49226, 25563875268.341843, 27273715012.369377, 29521663881.60637, 31938549489.72421, 34798768263.4346, 37311469249.41591, 39358354241.03522, 40834772789.54804, 41658205982.84927, 42498243706.49342], "netGrowth": [0.0, 3.5701260647936794, 5.131070515049006, 6.688499791520225, 8.24218067915385, 8.186820423843702, 8.955380940611057, 7.220660705458277, 5.4859404703055255, 3.7512202351527786, 2.016499999999988, 2.016499999999986], "bvEquity": [0.0, 59391000000.0, 77505543177.97482, 95919070497.31227, 114891530666.17046, 134699637881.03906, 155341693835.8836, 174100376338.09763, 190212140142.21484, 202986850710.41937, 211861497231.42548, 216447521413.20236], "costOfEquity": [0.0, 10.515583912710852, 10.515583912710852, 10.515583912710852, 10.515583912710852, 10.515583912710852, 10.515583912710852, 10.515583912710852, 10.515583912710852, 10.515583912710852, 10.515583912710852, 10.515583912710852], "returnOnEquity": [0.3953124210739001, 0.4094255728560263, 0.32983286382033217, 0.2843409018765836, 0.2569524812702226, 0.23710939384952887, 0.22401434801012937, 0.21431010107042028, 0.206918203073728, 0.20116954692697236, 0.19662943256435222, 0.19634433062120163], "dividendpayout": [23.037885305054843, 25.504200900636903, 27.970516496218963, 30.436832091801023, 32.90314768738308, 35.36946328296514, 46.093831941962634, 56.818200600960125, 67.54256925995762, 78.26693791895511, 88.9913065779526, 88.9913065779526], "dividendPaid": [0.0, 6201651019.517439, 7150347949.004395, 8301254843.511196, 9713556666.737772, 11296493534.879654, 16040085761.220573, 21199705445.29868, 26583643672.830677, 31960126268.54194, 37072181801.07239, 37819742347.09101], "retainedEarning": [0.0, 18114543177.974823, 18413527319.33745, 18972460168.85818, 19808107214.8686, 20642055954.844555, 18758682502.214027, 16111763804.11723, 12774710568.20454, 8874646521.006104, 4586024181.776886, 4678501359.402412], "equityCost": [0.0, 6245310441.598102, 8150160429.882283, 10086450346.437151, 12081515315.799076, 14164453451.498316, 16335086166.738722, 18307671166.178043, 20001917208.817764, 21345252618.22325, 22278473520.096123, 22760720741.188084], "excessEquity": [0.0, 18070883755.894157, 17413714838.45956, 17187264665.932228, 17440148565.807293, 17774096038.22589, 18463682096.695877, 19003798083.237865, 19356437032.217453, 19489520171.32479, 19379732462.75315, 19737522965.30534], "cumulatedDiscount": [0.0, 1.1051558391271086, 1.2213694287567436, 1.3498035559218562, 1.491743281501574, 1.6486087980300987, 1.8219696395792877, 2.013560385893363, 2.225298017905084, 2.459301098285785, 2.7179109689422463, 3.003715177554141], "presentValue": [0.0, 16351434898.237686, 14257532920.391932, 12733160014.676422, 11691119230.818462, 10781269673.838892, 10133913153.98611, 9437908202.989595, 8698357198.214638, 7924820667.509822, 7130377957.264485, 6571036798.960802], "Price Target USD": [29.91467944137307, 33.06038266024912, 36.53687494075093, 40.378940684227814, 44.62502207494153, 49.31760371729776, 54.50363771992841, 60.23501347984741, 66.56907686715346, 73.56920400503597, 81.30543538609896, 89.85517666971911], "Price Target Local": [29.91467944137307, 33.06038266024912, 36.53687494075093, 40.378940684227814, 44.62502207494153, 49.31760371729776, 54.50363771992841, 60.23501347984741, 66.56907686715346, 73.56920400503597, 81.30543538609896, 89.85517666971911], "Equity Invested": 59391000000.0, "PV of Equity Excess Return": 109139893917.92802, "Terminal  Value of Excess Equity Return": 85444734539.32936, "Value of Equity": 253975628457.2574, "Number of shares": 8490000000, "Estimated Value/Share": 29.91467944137307, "Estimated Value/Share (Local Currency)": 29.91467944137307, "Current price": 21.29, "Valuation": 40.51047177723378}, "2012Q2": {"Date": ["2011", "2012", "2013", "2014", "2015", "2016", "2017", "2018", "2019", "2020", "2021", "Terminal"], "revenueGrowth": [0.0, 5.763571302795272, 7.40574792711812, 9.047924551440968, 10.690101175763814, 10.690101175763814, 8.912447607211051, 7.134794038658288, 5.357140470105525, 3.5794869015527624, 1.8018333329999994, 1.801833333], "revenue": [72052000000.0, 76204768395.09006, 81848301450.8746, 89253874012.7857, 98795203448.04126, 109356510653.43857, 119102852370.50046, 127600595581.3029, 134436338727.28455, 139248469862.9548, 141757495208.63797, 144311729009.33307], "netMargin": [32.57092100149892, 31.974462521020175, 31.378004040541434, 30.781545560062693, 30.18508707958395, 29.588628599105206, 29.588628599105206, 29.588628599105206, 29.588628599105206, 29.588628599105206, 29.588628599105206, 29.588628599105206], "netIncome": [23468000000.0, 24366065109.718296, 25682363336.36997, 27473721893.36659, 29821418191.243378, 32357091786.186855, 35240900638.847946, 37755266316.797966, 39777868968.25126, 41201712577.68664, 41944098768.678246, 42699861521.51872], "netGrowth": [0.0, 3.8267645718352483, 5.402178073170594, 6.975053399621505, 8.545243003437514, 8.50286052354157, 8.91244760721104, 7.134794038658305, 5.357140470105497, 3.579486901552773, 1.801833332999991, 1.8018333329999758], "bvEquity": [0.0, 64121000000.0, 82009001642.45338, 100299421467.6149, 119262350356.212, 139190900294.37643, 160103462381.8126, 179017881674.314, 195144298720.08084, 207775471405.24643, 216343580555.9816, 220469521763.92776], "costOfEquity": [0.0, 9.93565186872245, 9.93565186872245, 9.93565186872245, 9.93565186872245, 9.93565186872245, 9.93565186872245, 9.93565186872245, 9.93565186872245, 9.93565186872245, 9.93565186872245, 9.93565186872245], "returnOnEquity": [0.36599553968278725, 0.38000132732986536, 0.3131651748224069, 0.27391705247509746, 0.2500488888754327, 0.2324655686381399, 0.22011329495676937, 0.21090220688392383, 0.2038382326778067, 0.19829921356465888, 0.19387725145754758, 0.19367693629435306], "dividendpayout": [24.390654355550787, 26.58641614103366, 28.782177926516532, 30.977939711999404, 33.17370149748228, 35.36946328296514, 46.32821820776336, 57.286973132561585, 68.24572805735981, 79.20448298215804, 90.16323790695627, 90.16323790695625], "dividendPaid": [0.0, 6478063467.264915, 7391943511.208452, 8510793004.769483, 9892868253.078957, 11444529698.750689, 16326481346.346548, 21628849271.031124, 27146696283.08567, 32633603426.95148, 37818157560.732086, 38499577729.58779], "retainedEarning": [0.0, 17888001642.45338, 18290419825.161514, 18962928888.597107, 19928549938.16442, 20912562087.436165, 18914419292.501396, 16126417045.766842, 12631172685.165588, 8568109150.735157, 4125941207.9461594, 4200283791.930931], "equityCost": [0.0, 6370839334.743523, 8148128904.209044, 9965401343.364887, 11849491941.849295, 13829523286.189816, 15907322652.027908, 17786593505.92132, 19388858162.487034, 20643847507.42225, 21495145004.371445, 21905084159.10114], "excessEquity": [0.0, 17995225774.974773, 17534234432.160923, 17508320550.0017, 17971926249.39408, 18527568499.99704, 19333577986.820038, 19968672810.876644, 20389010805.764225, 20557865070.26439, 20448953764.3068, 20794777362.417583], "cumulatedDiscount": [0.0, 1.0993565186872245, 1.208584755180094, 1.3286655289932396, 1.4606771104537275, 1.6058049030745243, 1.765352087934885, 1.940751325649318, 2.1335776210034503, 2.345562465775324, 2.578609386738182, 2.8348110384586866], "presentValue": [0.0, 16368871670.914753, 14508071822.85541, 13177372459.770336, 12303832325.962507, 11537870176.211056, 10951683870.290445, 10289145521.61685, 9556254529.973463, 8764577951.015686, 7930225442.238753, 7335507404.304415], "Price Target USD": [32.91845084552571, 36.189113522113665, 39.78473785604764, 43.73761090630837, 48.08322766165555, 52.860609769362895, 58.11265593173068, 63.88652711677592, 70.23407004211575, 77.21228273473506, 84.88382634715202, 93.31758782585595], "Price Target Local": [32.91845084552571, 36.189113522113665, 39.78473785604764, 43.73761090630837, 48.08322766165555, 52.860609769362895, 58.11265593173068, 63.88652711677592, 70.23407004211575, 77.21228273473506, 84.88382634715202, 93.31758782585595], "Equity Invested": 64121000000.0, "PV of Equity Excess Return": 115387905770.84927, "Terminal  Value of Excess Equity Return": 99145780636.52585, "Value of Equity": 278654686407.3751, "Number of shares": 8465000000, "Estimated Value/Share": 32.91845084552571, "Estimated Value/Share (Local Currency)": 32.91845084552571, "Current price": 22.31, "Valuation": 47.550205493167695}, "2012Q3": {"Date": ["2011", "2012", "2013", "2014", "2015", "2016", "2017", "2018", "2019", "2020", "2021", "Terminal"], "revenueGrowth": [0.0, 5.763571302795272, 7.40574792711812, 9.047924551440968, 10.690101175763814, 10.690101175763814, 8.878380940611052, 7.066660705458289, 5.254940470305526, 3.4432202351527623, 1.6314999999999993, 1.6315], "revenue": [73031000000.0, 77240193758.14442, 82960407806.29022, 90466602912.1711, 100137574293.75868, 110842382300.71713, 120683391245.02322, 129211677032.14978, 136001673740.87268, 140684510891.26483, 142979778686.45584, 145312493775.72537], "netMargin": [31.96450822253564, 31.48933229784955, 31.014156373163463, 30.538980448477375, 30.063804523791287, 29.588628599105206, 29.588628599105206, 29.588628599105206, 29.588628599105206, 29.588628599105206, 29.588628599105206, 29.588628599105206], "netIncome": [23344000000.0, 24322421280.004944, 25729470604.85696, 27627578175.749596, 30105164590.541885, 32796740829.359516, 35708560416.29497, 38231963223.718124, 40241030131.75361, 41626617424.08406, 42305755687.358, 42995974091.39725], "netGrowth": [0.0, 4.191318026066415, 5.784988709198653, 7.377173048147865, 8.967801661916997, 8.940579715891143, 8.878380940611033, 7.066660705458309, 5.254940470305513, 3.4432202351527414, 1.6315000000000233, 1.6314999999999995], "bvEquity": [0.0, 68659000000.0, 86219099856.93594, 104308335831.76642, 123209426661.25589, 143236042971.9713, 164432752595.68127, 183531762297.85852, 199719583100.77542, 212273307947.79227, 220620108849.9678, 224388223307.85175], "costOfEquity": [0.0, 8.968347167396232, 8.968347167396232, 8.968347167396232, 8.968347167396232, 8.968347167396232, 8.968347167396232, 8.968347167396232, 8.968347167396232, 8.968347167396232, 8.968347167396232, 8.968347167396232], "returnOnEquity": [0.3399991261160227, 0.35424957077739183, 0.29841961523084887, 0.2648645283758405, 0.2443414063869569, 0.22896988878544516, 0.2171620912051364, 0.20831251629170577, 0.2014876533737235, 0.19609916021246512, 0.19175838461818515, 0.19161421868565925], "dividendpayout": [25.911171590376696, 27.802829928894386, 29.694488267412076, 31.586146605929766, 33.477804944447456, 35.36946328296514, 46.51419861366986, 57.65893394437458, 68.8036692750793, 79.94840460578402, 91.09313993648874, 91.09313993648874], "dividendPaid": [0.0, 6762321423.068992, 7640234630.026489, 8726487346.260124, 10078548279.826475, 11600031205.649551, 16609550714.117739, 22044142420.801216, 27687305284.736763, 33279816521.908512, 38537641229.47407, 39166382846.13294], "retainedEarning": [0.0, 17560099856.93595, 18089235974.83047, 18901090829.48947, 20026616310.71541, 21196709623.709965, 19099009702.17723, 16187820802.916908, 12553724847.016846, 8346800902.175549, 3768114457.883934, 3829591245.264305], "equityCost": [0.0, 6157577481.662579, 7732428199.774043, 9354733681.926373, 11049849125.93988, 12845905602.567238, 14746900109.686436, 16459765605.31238, 17911545573.753956, 19037407200.47411, 19785977282.75257, 20123914869.000454], "excessEquity": [0.0, 18164843798.342365, 17997042405.082916, 18272844493.823223, 19055315464.602005, 19950835226.79228, 20961660306.608532, 21772197618.405746, 22329484557.999653, 22589210223.60995, 22519778404.60543, 22872059222.396793], "cumulatedDiscount": [0.0, 1.0896834716739623, 1.1874100684394189, 1.2939011256776831, 1.4099426706313056, 1.536391224194779, 1.6741801230299758, 1.8243264086708453, 1.9879383344669384, 2.1662235457756878, 2.3604979937827317, 2.5721956487445903], "presentValue": [0.0, 16669835113.161522, 15156551964.17186, 14122288118.61709, 13514957637.298782, 12985517563.89294, 12520552608.563744, 11934376170.253643, 11232483508.592966, 10427922024.7886, 9540265852.341253, 8892037133.162846], "Price Target USD": [38.6949983030636, 42.16530008730042, 45.94683058330395, 50.067501862430035, 54.55772924749533, 59.45065581305878, 64.78239701966771, 70.59230728775246, 76.92327047879326, 83.82201642784665, 91.33946586380783, 99.53110626331949], "Price Target Local": [38.6949983030636, 42.16530008730042, 45.94683058330395, 50.067501862430035, 54.55772924749533, 59.45065581305878, 64.78239701966771, 70.59230728775246, 76.92327047879326, 83.82201642784665, 91.33946586380783, 99.53110626331949], "Equity Invested": 68659000000.0, "PV of Equity Excess Return": 128104750561.6824, "Terminal  Value of Excess Equity Return": 132066345017.75208, "Value of Equity": 328830095579.43445, "Number of shares": 8498000000, "Estimated Value/Share": 38.6949983030636, "Estimated Value/Share (Local Currency)": 38.6949983030636, "Current price": 24.76, "Valuation": 56.28028393805976}, "2012Q4": {"Date": ["2011", "2012", "2014", "2015", "2016", "2017", "2018", "2019", "2020", "2021", "2022", "Terminal"], "revenueGrowth": [0.0, 4.862075380927166, 6.804750645872716, 8.747425910818265, 10.690101175763814, 10.690101175763814, 8.892380940611051, 7.094660705458288, 5.296940470305525, 3.4992202351527624, 1.7014999999999993, 1.7015], "revenue": [73723000000.0, 77307467833.08093, 82568048249.76035, 89790627096.41681, 99389335979.37656, 110014156553.49173, 119797034442.82843, 128296227571.7481, 135092002371.8713, 139819169054.9409, 142198192216.4107, 144617694456.97293], "netMargin": [23.02944806912361, 22.580274690427764, 22.131101311731918, 21.68192793303607, 21.232754554340225, 20.78358117564438, 20.78358117564438, 20.78358117564438, 20.78358117564438, 20.78358117564438, 20.78358117564438, 20.78358117564438], "netIncome": [16978000000.0, 17456238592.92376, 18273218409.274155, 19468339057.666252, 21103093761.689583, 22864881531.99544, 24898113899.4399, 26664550602.663708, 28076955974.761303, 29059430499.645084, 29553876709.596542, 30056735921.81033], "netGrowth": [0.0, 2.81681348170432, 4.680159542970355, 6.540285469282966, 8.396991130990171, 8.348480986727152, 8.892380940611048, 7.094660705458278, 5.296940470305546, 3.4992202351527677, 1.7014999999999891, 1.7015000000000065], "bvEquity": [0.0, 66363000000.0, 77234979842.0473, 88615785686.182, 100740928721.22795, 113884218941.54657, 128124774246.93887, 140992835768.72952, 151947809186.85345, 160507334310.1727, 166286522121.97495, 169031785152.82736], "costOfEquity": [0.0, 8.989284219543825, 8.989284219543825, 8.989284219543825, 8.989284219543825, 8.989284219543825, 8.989284219543825, 8.989284219543825, 8.989284219543825, 8.989284219543825, 8.989284219543825, 8.989284219543825], "returnOnEquity": [0.2558353299278212, 0.26304173399219083, 0.23659251865727915, 0.2196938040656788, 0.20947884866225952, 0.20077304603310592, 0.19432708502926208, 0.18911989717265887, 0.18478026188738578, 0.18104736848653366, 0.17772863568532693, 0.17781706496582886], "dividendpayout": [37.718656947926426, 37.718656947926426, 37.718656947926426, 37.718656947926426, 37.718656947926426, 37.718656947926426, 48.31712324169211, 58.91558953545779, 69.51405582922348, 80.11252212298916, 90.71098841675484, 90.71098841675484], "dividendPaid": [0.0, 6584258750.8764515, 6892412565.139457, 7343196022.620306, 7959803541.370956, 8624326226.603146, 12030052377.649248, 15709577184.539787, 19517430851.44207, 23280242687.842827, 26808613678.74413, 27264762240.48796], "retainedEarning": [0.0, 10871979842.047308, 11380805844.134697, 12125143035.045946, 13143290220.318626, 14240555305.392296, 12868061521.790651, 10954973418.12392, 8559525123.319233, 5779187811.802258, 2745263030.852413, 2791973681.3223686], "equityCost": [0.0, 5965558686.615869, 6942871854.909013, 7965924838.712735, 9055888408.159237, 10237376121.863186, 11517500112.706226, 12674246736.445745, 13659020433.17638, 14428460474.354805, 14947968092.338945, 15194747588.756332], "excessEquity": [0.0, 11490679906.307892, 11330346554.365143, 11502414218.953518, 12047205353.530346, 12627505410.132256, 13380613786.733673, 13990303866.217962, 14417935541.584923, 14630970025.29028, 14605908617.257597, 14861988333.053997], "cumulatedDiscount": [0.0, 1.0898928421954381, 1.1878664074688503, 1.2946470949847098, 1.4110266019929527, 1.5378677936594705, 1.676111100552348, 1.8267814912163223, 1.9909960715317783, 2.1699723672017215, 2.3650373507750473, 2.5776372801345855], "presentValue": [0.0, 10542944646.88979, 9538401358.203457, 8884594314.166645, 8537900941.424289, 8211047439.965025, 7983130582.647061, 7658444063.226645, 7241569055.679976, 6742468358.782643, 6175762345.770602, 5765740760.964635], "Price Target USD": [27.909667261611283, 30.41854657648649, 33.15295618370118, 36.133169642234904, 39.381282958905324, 42.9213784133841, 46.77970310990912, 50.98486357951763, 55.56803787562715, 60.56320673549103, 66.00740552141421, 71.94099880968099], "Price Target Local": [27.909667261611283, 30.41854657648649, 33.15295618370118, 36.133169642234904, 39.381282958905324, 42.9213784133841, 46.77970310990912, 50.98486357951763, 55.56803787562715, 60.56320673549103, 66.00740552141421, 71.94099880968099], "Equity Invested": 66363000000.0, "PV of Equity Excess Return": 81516263106.75613, "Terminal  Value of Excess Equity Return": 86227025883.6393, "Value of Equity": 234106288990.39545, "Number of shares": 8388000000, "Estimated Value/Share": 27.909667261611283, "Estimated Value/Share (Local Currency)": 27.909667261611283, "Current price": 23.44, "Valuation": 19.068546337932087}, "2019Q1": {"Date": ["2018", "2019", "2020", "2021", "2022", "2023", "2024", "2025", "2026", "2027", "2028", "Terminal"], "revenueGrowth": [0.0, 1.3817523457441454, 4.484535289084035, 7.587318232423925, 10.690101175763814, 10.690101175763814, 9.07964760721105, 7.469194038658288, 5.858740470105525, 4.2482869015527625, 2.6378333329999997, 2.637833333], "revenue": [114906000000.0, 116493716350.40076, 121717918169.69994, 130953043967.11642, 144952056859.94363, 160447578394.62228, 175015653107.15768, 188087911835.75638, 199107494445.85425, 207566152052.40738, 213041401199.27127, 218661078293.19592], "netMargin": [16.377734844133464, 16.111617500754654, 15.845500157375843, 15.579382813997032, 15.313265470618221, 15.04714812723941, 15.04714812723941, 15.04714812723941, 15.04714812723941, 15.04714812723941, 15.04714812723941, 15.04714812723941], "netIncome": [18819000000.0, 18769021990.790653, 19286812915.134403, 20401676026.218914, 22196893272.084637, 24142784787.60739, 26334864568.8895, 28301866703.357727, 29959999621.70267, 31232786361.336723, 32056655210.800743, 32902256347.39613], "netGrowth": [0.0, -0.26557207720573234, 2.7587528247226367, 5.780442398596999, 8.799361599305005, 8.766503905165667, 9.07964760721105, 7.4691940386582845, 5.85874047010554, 4.248286901552764, 2.637833333000006, 2.63783333300001], "bvEquity": [0.0, 85967000000.0, 91775276371.4999, 97743788731.46623, 104057307510.45357, 110926375636.44403, 118397620887.94794, 125675790520.1844, 132561052982.70703, 138858308589.40787, 144389575798.76425, 149005972362.17288], "costOfEquity": [0.0, 8.801022176118979, 8.801022176118979, 8.801022176118979, 8.801022176118979, 8.801022176118979, 8.801022176118979, 8.801022176118979, 8.801022176118979, 8.801022176118979, 8.801022176118979, 8.801022176118979], "returnOnEquity": [0.21890958158363094, 0.2183282188606169, 0.21015259967251676, 0.20872606117478124, 0.21331412279579445, 0.21764692706389535, 0.2224273120640907, 0.22519744324832594, 0.22600906486169084, 0.22492558550233677, 0.22201502451588404, 0.22081166161195293], "dividendpayout": [69.05392100691328, 69.05392100691328, 69.05392100691328, 69.05392100691328, 69.05392100691328, 69.05392100691328, 72.3629881855004, 75.67205536408751, 78.98112254267463, 82.29018972126174, 85.59925689984885, 85.59925689984885], "dividendPaid": [0.0, 12960745619.290762, 13318300555.16806, 14088157247.231575, 15327825146.094175, 16671539536.103487, 19056694936.653038, 21416604240.835106, 23662744015.001842, 25701519151.98035, 27440258647.392113, 28164086936.654438], "retainedEarning": [0.0, 5808276371.499891, 5968512359.966343, 6313518778.987339, 6869068125.990461, 7471245251.503904, 7278169632.236462, 6885262462.522621, 6297255606.700829, 5531267209.356373, 4616396563.40863, 4738169410.741692], "equityCost": [0.0, 7565974734.144203, 8077162425.6501875, 8602452522.035227, 9158106709.867338, 9762654918.92848, 10420200870.345575, 11060754193.694263, 11666727669.904875, 12220950532.337511, 12707758586.053364, 13114048671.336552], "excessEquity": [0.0, 11203047256.64645, 11209650489.484215, 11799223504.183687, 13038786562.217299, 14380129868.678911, 15914663698.543924, 17241112509.663464, 18293271951.7978, 19011835828.999214, 19348896624.74738, 19788207676.059578], "cumulatedDiscount": [0.0, 1.0880102217611898, 1.1837662426568334, 1.2879497721864717, 1.401302517253877, 1.524631462551904, 1.6588146156751842, 1.80480725786146, 1.9636487448620519, 2.136469906358443, 2.3245010966031576, 2.52908095359933], "presentValue": [0.0, 10296821695.766602, 9469479771.88924, 9161245072.58764, 9304762106.450306, 9431872699.65535, 9593997754.876429, 9552882965.51549, 9315959384.112211, 8898714544.21953, 8323892233.487146, 7824268198.254964], "Price Target USD": [40.8757778193821, 44.47326408992704, 48.387365924925476, 52.645948730418006, 57.27933035301032, 62.32049691971121, 67.80533767388253, 73.7729004791533, 80.26566981028975, 87.32986921010378, 95.0157903656607, 103.37815114655723], "Price Target Local": [40.8757778193821, 44.47326408992704, 48.387365924925476, 52.645948730418006, 57.27933035301032, 62.32049691971121, 67.80533767388253, 73.7729004791533, 80.26566981028975, 87.32986921010378, 95.0157903656607, 103.37815114655723], "Equity Invested": 85967000000.0, "PV of Equity Excess Return": 93349628228.55994, "Terminal  Value of Excess Equity Return": 138124662316.7615, "Value of Equity": 317441290545.3214, "Number of shares": 7766000000, "Estimated Value/Share": 40.8757778193821, "Estimated Value/Share (Local Currency)": 40.8757778193821, "Current price": 96.57, "Valuation": 57.672384985624824}, "2019Q2": {"Date": ["2018", "2019", "2020", "2021", "2022", "2023", "2024", "2025", "2026", "2027", "2028", "Terminal"], "revenueGrowth": [0.0, 1.3817523457441454, 4.484535289084035, 7.587318232423925, 10.690101175763814, 10.690101175763814, 9.015414274011052, 7.340727372258289, 5.666040470505527, 3.9913535687527637, 2.3166666670000007, 2.316666667], "revenue": [118459000000.0, 120095810011.24504, 125481548991.91064, 135002233436.90186, 149434108780.8475, 165408766200.62106, 180321051719.13742, 193557928520.62814, 204524999084.47906, 212688314934.42896, 217615594231.11887, 222657022164.86514], "netMargin": [28.314437906786317, 27.851152690311594, 27.38786747383687, 26.924582257362147, 26.461297040887423, 25.998011824412703, 25.998011824412703, 25.998011824412703, 25.998011824412703, 25.998011824412703, 25.998011824412703, 25.998011824412703], "netIncome": [33541000000.0, 33448067420.898373, 34366720342.02217, 36348787390.994705, 39542203404.90289, 43002990595.45263, 46879888347.846695, 50321213143.881195, 53172433445.86284, 55294733265.79697, 56575727919.97225, 57886398950.306854], "netGrowth": [0.0, -0.27707158135305254, 2.746505230223925, 5.767402385932494, 8.78548156106948, 8.752135421266455, 9.01541427401105, 7.340727372258275, 5.666040470505504, 3.991353568752751, 2.316666667000012, 2.316666666999987], "bvEquity": [0.0, 92128000000.0, 112379554388.58533, 133187318777.65479, 155195150666.55865, 179136476568.05334, 205173179734.09357, 229066212571.1214, 249892509716.2286, 266805034754.1147, 279095488422.20514, 286250844509.541], "costOfEquity": [0.0, 9.115876626533169, 9.115876626533169, 9.115876626533169, 9.115876626533169, 9.115876626533169, 9.115876626533169, 9.115876626533169, 9.115876626533169, 9.115876626533169, 9.115876626533169, 9.115876626533169], "returnOnEquity": [0.36406955540118097, 0.3630608221268059, 0.3058093665613688, 0.27291477690662125, 0.2547901995331058, 0.24005714201437883, 0.2284893591287296, 0.21967977109787531, 0.21278122143894615, 0.20724771298546196, 0.20271100847888526, 0.2022226311663421], "dividendpayout": [39.453738436522826, 39.453738436522826, 39.453738436522826, 39.453738436522826, 39.453738436522826, 39.453738436522826, 49.0335116420445, 58.61328484756618, 68.19305805308785, 77.77283125860953, 87.3526044641312, 87.35260446413122], "dividendPaid": [0.0, 13196513032.313051, 13558955952.952711, 14340955502.090841, 15600877503.40821, 16966287429.412392, 22986855510.818874, 29494915998.774, 36259908407.976746, 43004279597.706505, 49420371832.636406, 50565277113.59055], "retainedEarning": [0.0, 20251554388.58532, 20807764389.069458, 22007831888.903862, 23941325901.494682, 26036703166.040237, 23893032837.02782, 20826297145.107197, 16912525037.886093, 12290453668.090462, 7155356087.335846, 7321121836.716301], "equityCost": [0.0, 8398274818.492477, 10244381531.51118, 12141191661.958454, 14147398465.125755, 16329860197.062243, 18703333935.295124, 20881393331.055637, 22779892884.67881, 24321617801.564037, 25442000394.788383, 26094273827.899055], "excessEquity": [0.0, 25049792602.405895, 24122338810.51099, 24207595729.03625, 25394804939.777138, 26673130398.39039, 28176554412.55157, 29439819812.825558, 30392540561.18403, 30973115464.23293, 31133727525.18387, 31792125122.4078], "cumulatedDiscount": [0.0, 1.0911587662653317, 1.1906274531976808, 1.2991635829128154, 1.4175937323079957, 1.5468198280106595, 1.6878260151668638, 1.841686152380006, 2.0095719898789133, 2.1927620931976426, 2.392651580326926, 2.6107627464923246], "presentValue": [0.0, 22957055725.394466, 20260190327.14672, 18633216053.33266, 17914021740.5107, 17243850845.05561, 16693992247.63457, 15985253391.182074, 15123887431.878134, 14125160025.484442, 13012227848.456663, 12177332147.519695], "Price Target USD": [59.15326234277091, 64.5456007585074, 70.4294980915076, 76.84976424621597, 83.85529394268262, 91.49943908331431, 99.84041506411911, 108.94174412478284, 118.8727391139915, 129.7090313542036, 141.53314662592402, 154.43513365799356], "Price Target Local": [59.15326234277091, 64.5456007585074, 70.4294980915076, 76.84976424621597, 83.85529394268262, 91.49943908331431, 99.84041506411911, 108.94174412478284, 118.8727391139915, 129.7090313542036, 141.53314662592402, 154.43513365799356], "Equity Invested": 92128000000.0, "PV of Equity Excess Return": 171948855636.07602, "Terminal  Value of Excess Equity Return": 195425686242.56842, "Value of Equity": 459502541878.6444, "Number of shares": 7768000000, "Estimated Value/Share": 59.15326234277091, "Estimated Value/Share (Local Currency)": 59.15326234277091, "Current price": 100.83, "Valuation": 41.33366821107715}, "2019Q3": {"Date": ["2018", "2019", "2020", "2021", "2022", "2023", "2024", "2025", "2026", "2027", "2028", "Terminal"], "revenueGrowth": [0.0, 1.3817523457441454, 4.484535289084035, 7.587318232423925, 10.690101175763814, 10.690101175763814, 8.915314274011052, 7.14052737225829, 5.365740470505527, 3.590953568752764, 1.8161666670000012, 1.816166667], "revenue": [122211000000.0, 123899653359.25737, 129455977037.20605, 139278213985.91254, 154167195976.8034, 170647825206.56177, 185861615125.4918, 199133114628.0489, 209818080749.82428, 217352550608.39865, 221300035182.4227, 225319212655.46512], "netMargin": [28.578442202420405, 28.062356126818866, 27.546270051217327, 27.03018397561579, 26.51409790001425, 25.998011824412703, 25.998011824412703, 25.998011824412703, 25.998011824412703, 25.998011824412703, 25.998011824412703, 25.998011824412703], "netIncome": [34926000000.0, 34769161965.5689, 35660293032.11067, 37647157478.344, 40876041270.99648, 44365041775.30505, 48320324677.36979, 51770650687.32145, 54548529443.09511, 56507341807.83408, 57533609314.15572, 58578515548.84142], "netGrowth": [0.0, -0.44905810694353476, 2.562992652581726, 5.5716436330016625, 8.576700098831767, 8.535563610912059, 8.915314274011047, 7.140527372258276, 5.365740470505535, 3.590953568752763, 1.8161666670000038, 1.8161666669999927], "bvEquity": [0.0, 94864000000.0, 116180599106.96751, 138043541082.8269, 161124608273.27112, 186185269376.24957, 213384999148.98785, 238042929294.36246, 259140173170.995, 275762515768.2213, 287173492277.7178, 292877956642.92523], "costOfEquity": [0.0, 8.317664790234236, 8.317664790234236, 8.317664790234236, 8.317664790234236, 8.317664790234236, 8.317664790234236, 8.317664790234236, 8.317664790234236, 8.317664790234236, 8.317664790234236, 8.317664790234236], "returnOnEquity": [0.36816916849384385, 0.3665158749954556, 0.3069384501906229, 0.27271944187345565, 0.25369210643274154, 0.23828438159439272, 0.2264466802731151, 0.21748451357402923, 0.21049815926109217, 0.20491306314933885, 0.2003444289298001, 0.2000099844327306], "dividendpayout": [38.691075936553055, 38.691075936553055, 38.691075936553055, 38.691075936553055, 38.691075936553055, 38.691075936553055, 48.96985831528809, 59.24864069402314, 69.52742307275818, 79.80620545149323, 90.08498783022827, 90.08498783022826], "dividendPaid": [0.0, 13452562858.601385, 13797351056.251278, 14566090287.89979, 15815380168.018015, 17165312002.566763, 23662394531.995174, 30673406810.688904, 37926186845.868805, 45096365298.33759, 51829144948.948265, 52770448603.30216], "retainedEarning": [0.0, 21316599106.967514, 21862941975.859394, 23081067190.444214, 25060661102.97847, 27199729772.73829, 24657930145.374615, 21097243876.632545, 16622342597.226303, 11410976509.49649, 5704464365.2074585, 5808066945.539261], "equityCost": [0.0, 7890469526.607805, 9663512785.003428, 11481999011.838825, 13401804810.74871, 15486266595.511076, 17748648941.856987, 19799612915.559364, 21554410941.195877, 22937001678.717476, 23886128454.069763, 24360606678.046085], "excessEquity": [0.0, 26878692438.961098, 25996780247.107246, 26165158466.505177, 27474236460.247772, 28878775179.793976, 30571675735.512802, 31971037771.762085, 32994118501.89923, 33570340129.116608, 33647480860.08596, 34217908870.795338], "cumulatedDiscount": [0.0, 1.0831766479023424, 1.173271650560955, 1.2708604535334638, 1.3765663660100278, 1.4910645419498507, 1.615086292355281, 1.7494237562264157, 1.8949349600300534, 2.052549297998312, 2.2232734682601176, 2.408197902720209], "presentValue": [0.0, 24814689728.599506, 22157511633.966335, 20588537784.582348, 19958526620.029034, 19367890770.193943, 18928818775.94919, 18275182132.386852, 17411741931.963696, 16355436705.883307, 15134206988.228804, 14208927278.004887], "Price Target USD": [67.74059731029575, 73.37503312146859, 79.47812241623569, 86.0888462203902, 93.24942787078248, 101.00560269988543, 109.40691015181768, 118.50701019559862, 128.36402605659723, 139.04091545523391, 150.60587272407327, 163.1327643716685], "Price Target Local": [67.74059731029575, 73.37503312146859, 79.47812241623569, 86.0888462203902, 93.24942787078248, 101.00560269988543, 109.40691015181768, 118.50701019559862, 128.36402605659723, 139.04091545523391, 150.60587272407327, 163.1327643716685], "Equity Invested": 94864000000.0, "PV of Equity Excess Return": 192992543071.783, "Terminal  Value of Excess Equity Return": 236726642499.14737, "Value of Equity": 524583185570.9303, "Number of shares": 7744000000, "Estimated Value/Share": 67.74059731029575, "Estimated Value/Share (Local Currency)": 67.74059731029575, "Current price": 119, "Valuation": 43.07512831067584}, "2019Q4": {"Date": ["2018", "2019", "2021", "2022", "2023", "2024", "2025", "2026", "2027", "2028", "2029", "Terminal"], "revenueGrowth": [0.0, 3.6694803481741958, 6.009687290704068, 8.349894233233941, 10.690101175763814, 10.690101175763814, 8.907180940611052, 7.12426070545829, 5.341340470305527, 3.558420235152764, 1.7755000000000012, 1.7755], "revenue": [125843000000.0, 130460784154.55286, 138301069319.24188, 149849062330.83014, 165868078704.92926, 183599544136.78174, 199953087739.18192, 214198266998.335, 225639325720.21014, 233668521145.10034, 237817305738.0316, 242039752001.41034], "netMargin": [31.181710544090652, 30.863094155093563, 30.544477766096474, 30.225861377099385, 29.907244988102295, 29.588628599105206, 29.588628599105206, 29.588628599105206, 29.588628599105206, 29.588628599105206, 29.588628599105206, 29.588628599105206], "netIncome": [39240000000.0, 40264234649.09303, 42243339368.48951, 45293169854.99997, 49606572655.34152, 54324587224.282585, 59163376503.5895, 63378329687.85707, 66763582060.87824, 69139310874.64536, 70366879339.22467, 71616243281.89261], "netGrowth": [0.0, 2.6101800435602263, 4.915292036827668, 7.219671863312525, 9.523296369298805, 9.510865831673291, 8.907180940611035, 7.124260705458292, 5.341340470305526, 3.5584202351527647, 1.775499999999981, 1.7755000000000059], "bvEquity": [0.0, 102330000000.0, 128426403226.87123, 155786265709.56958, 185100775151.51965, 217184380756.2127, 252294653048.5803, 284031680524.19556, 311066037990.9238, 332208739096.67053, 346507099543.2916, 353327761391.73785], "costOfEquity": [0.0, 8.05685684906112, 8.05685684906112, 8.05685684906112, 8.05685684906112, 8.05685684906112, 8.05685684906112, 8.05685684906112, 8.05685684906112, 8.05685684906112, 8.05685684906112, 8.05685684906112], "returnOnEquity": [0.3834652594547054, 0.39347439313097854, 0.3289303313576779, 0.29073917170233393, 0.26799764946815924, 0.25013118823338126, 0.23450111125501089, 0.22313824137817653, 0.2146283229505956, 0.20812008456684902, 0.20307485598987915, 0.20269067734672283], "dividendpayout": [35.141555473479016, 35.18713703537624, 35.23271859727346, 35.27830015917068, 35.323881721067906, 35.36946328296514, 46.3569705598365, 57.34447783670785, 68.33198511357921, 79.31949239045056, 90.30699966732192, 90.3069996673219], "dividendPaid": [0.0, 14167831422.221806, 14883476885.791145, 15978660413.049902, 17522967050.648453, 19214314931.915, 27426349027.97421, 36343972221.12883, 45620880955.13156, 54840950428.024284, 63546217490.77844, 64674480582.32721], "retainedEarning": [0.0, 26096403226.871227, 27359862482.698364, 29314509441.950066, 32083605604.69307, 35110272292.367584, 31737027475.61529, 27034357466.72824, 21142701105.74668, 14298360446.62107, 6820661848.446228, 6941762699.565399], "equityCost": [0.0, 8244581613.644244, 10347131464.387026, 12551476418.718012, 14913304480.460434, 17498234656.047905, 20327019033.95953, 22884025905.817047, 25062145386.97481, 26765582549.089687, 27917580982.036724, 28467111943.324562], "excessEquity": [0.0, 32019653035.448788, 31896207904.102486, 32741693436.28196, 34693268174.88109, 36826352568.23468, 38836357469.629974, 40494303782.04002, 41701436673.90343, 42373728325.555664, 42449298357.18794, 43149131338.56805], "cumulatedDiscount": [0.0, 1.0805685684906112, 1.1676284312098488, 1.2617025824413646, 1.3633561533695726, 1.4731998069894252, 1.5918934065392079, 1.7201499794937145, 1.8587400009306774, 2.0084960220018995, 2.1703176713136796, 2.3451770592612995], "presentValue": [0.0, 29632226930.47174, 27317087398.302677, 25950405342.69777, 25446959027.643448, 24997527418.55947, 24396330376.203144, 23541147146.92411, 22435325356.43682, 21097242843.090675, 19559025352.953815, 18399093223.331917], "Price Target USD": [85.7980590820585, 92.71068588157284, 100.18025312683389, 108.25163271228998, 116.9733117966906, 126.39768407975588, 136.58136454659032, 147.58552957060343, 159.4762844180357, 172.32506036179842, 186.2090437902067, 201.2116398883892], "Price Target Local": [85.7980590820585, 92.71068588157284, 100.18025312683389, 108.25163271228998, 116.9733117966906, 126.39768407975588, 136.58136454659032, 147.58552957060343, 159.4762844180357, 172.32506036179842, 186.2090437902067, 201.2116398883892], "Equity Invested": 102330000000.0, "PV of Equity Excess Return": 244373277193.2837, "Terminal  Value of Excess Equity Return": 316515719511.0285, "Value of Equity": 663218996704.3123, "Number of shares": 7730000000, "Estimated Value/Share": 85.7980590820585, "Estimated Value/Share (Local Currency)": 85.7980590820585, "Current price": 131.9, "Valuation": 34.952191749766115}, "2021Q1": {"Date": ["2020", "2021", "2022", "2023", "2024", "2025", "2026", "2027", "2028", "2029", "2030", "Terminal"], "revenueGrowth": [0.0, 4.085326024988923, 6.2869177419138875, 8.488509458838852, 10.690101175763816, 10.690101175763814, 8.816614274011052, 6.943127372258289, 5.069640470505526, 3.196153568752763, 1.322666667, 1.322666667], "revenue": [147114000000.0, 153124086528.4022, 162750871891.49988, 176565995046.35254, 195441078558.80176, 216333927595.7417, 235407255535.6766, 251751881131.05618, 264514796382.1352, 272969095486.5819, 276579566723.7944, 280237792460.58307], "netMargin": [32.28516660548962, 31.74585900421274, 31.206551402935858, 30.667243801658977, 30.127936200382095, 29.588628599105206, 29.588628599105206, 29.588628599105206, 29.588628599105206, 29.588628599105206, 29.588628599105206, 29.588628599105206], "netIncome": [47496000000.0, 48610556610.79527, 50788934495.547195, 54147924171.69005, 58882363457.53444, 64010242370.16117, 69653778535.79788, 74489929099.12903, 78266300691.18935, 80767811853.86157, 81836100778.91788, 82918519605.49316], "netGrowth": [0.0, 2.346632581260049, 4.48128562318942, 6.613625014002499, 8.743528691575733, 8.708683910632974, 8.81661427401107, 6.943127372258282, 5.069640470505527, 3.196153568752775, 1.322666667000004, 1.3226666670000156], "bvEquity": [0.0, 123392000000.0, 155870676521.95108, 189527570848.93353, 225114825592.78442, 263492237646.3861, 304862400844.0961, 341882407704.6575, 372919872907.96936, 396544337455.7445, 411650165643.18274, 417559422779.81537], "costOfEquity": [0.0, 6.531587688472359, 6.531587688472359, 6.531587688472359, 6.531587688472359, 6.531587688472359, 6.531587688472359, 6.531587688472359, 6.531587688472359, 6.531587688472359, 6.531587688472359, 6.531587688472359], "returnOnEquity": [0.38491960580912865, 0.3939522546907034, 0.32584021336684615, 0.2856994574939688, 0.26156590665444734, 0.24293027734678352, 0.22847612018714697, 0.21788172605675216, 0.20987430914014124, 0.2036791456210757, 0.19880011623717697, 0.19857896884108206], "dividendpayout": [32.640084735229294, 33.18596044477646, 33.73183615432363, 34.2777118638708, 34.82358757341797, 35.36946328296514, 46.85140183524248, 58.33334038751981, 69.81527893979715, 81.2972174920745, 92.77915604435184, 92.77915604435182], "dividendPaid": [0.0, 16131880088.844189, 17132040168.564735, 18560669427.83916, 20504951403.932766, 22640079172.451153, 32633771675.23654, 43452463895.81711, 54641836143.41423, 65661983666.42336, 75926843642.28525, 76931102694.44696], "retainedEarning": [0.0, 32478676521.951084, 33656894326.98246, 35587254743.85089, 38377412053.60167, 41370163197.71002, 37020006860.56134, 31037465203.31192, 23624464547.775116, 15105828187.43821, 5909257136.632629, 5987416911.046204], "equityCost": [0.0, 8059456680.5598135, 10180829917.646334, 12379159483.829672, 14703572233.344332, 17210226554.191685, 19912355040.314236, 22330349250.690285, 24357588506.723698, 25900641124.593697, 26887291538.7262, 27273259850.34267], "excessEquity": [0.0, 40551099930.23546, 40608104577.90086, 41768764687.860374, 44178791224.19011, 46800015815.96948, 49741423495.48364, 52159579848.43874, 53908712184.46565, 54867170729.267876, 54948809240.19168, 55645259755.1505], "cumulatedDiscount": [0.0, 1.0653158768847235, 1.1348979175426674, 1.2090247702016135, 1.2879932832426833, 1.3721196939593132, 1.4617408949610642, 1.5572157832937066, 1.6589266976782666, 1.7672809496246011, 1.8827124545509988, 2.0056834694417875], "presentValue": [0.0, 38064860207.30116, 35781283893.64515, 34547484648.222, 34300482618.173683, 34107823116.309868, 34028892307.079212, 33495409183.507435, 32496138774.493786, 31046094137.393684, 29185980635.208694, 27743789387.982254], "Price Target USD": [134.58893442525957, 143.37972869622595, 152.74470140351372, 162.72135551517948, 173.34964353852428, 184.67212751389724, 196.7341494586349, 209.58401294369588, 223.27317653013262, 237.8564598400359, 253.3922630871839, 269.9428009465279], "Price Target Local": [134.58893442525957, 143.37972869622595, 152.74470140351372, 162.72135551517948, 173.34964353852428, 184.67212751389724, 196.7341494586349, 209.58401294369588, 223.27317653013262, 237.8564598400359, 253.3922630871839, 269.9428009465279], "Equity Invested": 123392000000.0, "PV of Equity Excess Return": 337054449521.3347, "Terminal  Value of Excess Equity Return": 567409242684.3727, "Value of Equity": 1027855692205.7074, "Number of shares": 7637000000, "Estimated Value/Share": 134.58893442525957, "Estimated Value/Share (Local Currency)": 134.58893442525957, "Current price": 206.75, "Valuation": 34.90257101559392}, "2021Q2": {"Date": ["2020", "2021", "2022", "2023", "2024", "2025", "2026", "2027", "2028", "2029", "2030", "Terminal"], "revenueGrowth": [0.0, 4.085326024988923, 6.2869177419138875, 8.488509458838852, 10.690101175763816, 10.690101175763814, 8.869480940611052, 7.048860705458289, 5.228240470305526, 3.4076202351527627, 1.5869999999999997, 1.587], "revenue": [153284000000.0, 159546151144.144, 169576686426.96594, 183971219494.30444, 203637928992.5321, 225407029634.06384, 245399463166.2546, 262697329496.78632, 276431777591.94916, 285851522781.5649, 290387986448.10834, 294996443793.03986], "netMargin": [33.47381331384881, 32.69677637090009, 31.91973942795137, 31.14270248500265, 30.365665542053932, 29.588628599105206, 29.588628599105206, 29.588628599105206, 29.588628599105206, 29.588628599105206, 29.588628599105206, 29.588628599105206], "netIncome": [51310000000.0, 52166448247.97902, 54128436438.04171, 57293609545.142426, 61836012434.63757, 66694848834.69816, 72610335740.46106, 77728537164.57175, 81792372001.58636, 84579545420.72383, 85921822806.55074, 87285402134.4907], "netGrowth": [0.0, 1.6691643889671002, 3.761015472504782, 5.847523622308472, 7.92828890614079, 7.857615989058986, 8.869480940611046, 7.048860705458278, 5.2282404703055345, 3.4076202351527467, 1.5870000000000204, 1.5870000000000137], "bvEquity": [0.0, 130236000000.0, 165834273823.12018, 202282996376.89578, 240346098971.5166, 280868999999.4575, 323974238763.938, 362775178933.12146, 395610736969.5936, 421007732416.0627, 437802899166.547, 445247097915.8318], "costOfEquity": [0.0, 6.183390502072648, 6.183390502072648, 6.183390502072648, 6.183390502072648, 6.183390502072648, 6.183390502072648, 6.183390502072648, 6.183390502072648, 6.183390502072648, 6.183390502072648, 6.183390502072648], "returnOnEquity": [0.39397708774839524, 0.40055321299778107, 0.32640078067200645, 0.28323492617437984, 0.25727903510497896, 0.23745891798250066, 0.22412379458777948, 0.21426090228433517, 0.2067496262313853, 0.2008978432185605, 0.19625686118141658, 0.19603811578574484], "dividendpayout": [30.85789886399486, 31.760211747788915, 32.66252463158297, 33.56483751537702, 34.467150399171075, 35.36946328296514, 46.56278644975029, 57.75610961653544, 68.94943278332059, 80.14275595010574, 91.33607911689089, 91.3360791168909], "dividendPaid": [0.0, 16568174424.858856, 17679713884.266106, 19230506950.521595, 21313111406.69666, 23589610070.21767, 33809395571.277596, 44892979128.09955, 56395376555.11732, 67784378670.23953, 78477624057.26598, 79723063951.05481], "retainedEarning": [0.0, 35598273823.12016, 36448722553.775604, 38063102594.620834, 40522901027.94092, 43105238764.480484, 38800940169.183464, 32835558036.4722, 25396995446.469048, 16795166750.484299, 7444198749.2847595, 7562338183.435898], "equityCost": [0.0, 8053000454.279333, 10254180736.75996, 12507947585.276932, 14861537855.906883, 17367227069.23288, 20032592308.891502, 22431805958.027687, 24462156734.95746, 26032552139.20625, 27071062884.862957, 27531366763.281643], "excessEquity": [0.0, 44113447793.699684, 43874255701.28175, 44785661959.86549, 46974474578.73069, 49327621765.46528, 52577743431.56956, 55296731206.54406, 57330215266.62891, 58546993281.51758, 58850759921.687775, 59754035371.20906], "cumulatedDiscount": [0.0, 1.0618339050207264, 1.127491241851565, 1.1972084282119155, 1.2712365004519843, 1.349842017479813, 1.4333080205816453, 1.5219350525917361, 1.6160422400814078, 1.7159684424640835, 1.8220734721539715, 1.9347393901719254], "presentValue": [0.0, 41544583936.44778, 38913167635.104195, 37408408514.76037, 36951798160.31797, 36543255526.71795, 36682794400.489845, 36333174081.494514, 35475691070.88495, 34118921905.956326, 32298785324.01721, 30884798063.62922], "Price Target USD": [158.87485625564122, 168.6987090275341, 179.1300089786618, 190.20631694021026, 201.9675162762334, 214.45595649493004, 227.71660573996658, 241.79721271093388, 256.74847859597816, 272.62423963569785, 289.48166097567935, 307.3814425056916], "Price Target Local": [158.87485625564122, 168.6987090275341, 179.1300089786618, 190.20631694021026, 201.9675162762334, 214.45595649493004, 227.71660573996658, 241.79721271093388, 256.74847859597816, 272.62423963569785, 289.48166097567935, 307.3814425056916], "Equity Invested": 130236000000.0, "PV of Equity Excess Return": 366270580556.19104, "Terminal  Value of Excess Equity Return": 713484324686.7726, "Value of Equity": 1209990905242.9636, "Number of shares": 7616000000, "Estimated Value/Share": 158.87485625564122, "Estimated Value/Share (Local Currency)": 158.87485625564122, "Current price": 225.84, "Valuation": 29.651586851026735}, "2021Q3": {"Date": ["2020", "2021", "2022", "2023", "2024", "2025", "2026", "2027", "2028", "2029", "2030", "Terminal"], "revenueGrowth": [0.0, 4.085326024988923, 6.2869177419138875, 8.488509458838852, 10.690101175763816, 10.690101175763814, 8.817014274011052, 6.9439273722582895, 5.0708404705055266, 3.1977535687527636, 1.324666667000001, 1.324666667], "revenue": [159969000000.0, 166504255188.91452, 176972240749.42795, 191994546144.96222, 212518957379.80722, 235237448941.387, 255978368392.36853, 273753320382.22635, 287634914541.52094, 296832770286.25134, 300764815050.966, 304748946302.0103], "netMargin": [35.01615938088005, 33.212529869586575, 31.408900358293106, 29.605270846999638, 27.80164133570617, 25.998011824412703, 25.998011824412703, 25.998011824412703, 25.998011824412703, 25.998011824412703, 25.998011824412703, 25.998011824412703], "netIncome": [56015000000.0, 55300275488.75089, 55585034758.826416, 56840505397.68377, 59083758301.11626, 61157059791.228584, 66549286482.58668, 71170420602.6936, 74779359093.64398, 77170618717.75142, 78192872180.62314, 79228667094.36977], "netGrowth": [0.0, -1.2759519972312905, 0.5149328236772505, 2.2586486530135623, 3.9465745206479093, 3.509088706825133, 8.817014274011044, 6.943927372258295, 5.07084047050551, 3.197753568752754, 1.3246666670000047, 1.3246666669999962], "bvEquity": [0.0, 134505000000.0, 173108555608.83804, 211191535674.41385, 249399070766.0495, 288349857785.6179, 327875993769.0469, 363247459875.24536, 392904905102.1851, 415481744977.33276, 429921538726.242, 435576261589.39734], "costOfEquity": [0.0, 5.838271713487182, 5.838271713487182, 5.838271713487182, 5.838271713487182, 5.838271713487182, 5.838271713487182, 5.838271713487182, 5.838271713487182, 5.838271713487182, 5.838271713487182, 5.838271713487182], "returnOnEquity": [0.4164529199658005, 0.4111391806159689, 0.3210992926567318, 0.2691419673433914, 0.23690448452608784, 0.21209325456542302, 0.2029709028635486, 0.19592819899452718, 0.19032432052278825, 0.18573768799869073, 0.1818770755526474, 0.1818939048819329], "dividendpayout": [28.898675549182084, 30.192833095938695, 31.486990642695307, 32.78114818945192, 34.075305736208534, 35.36946328296514, 46.849218112272595, 58.32897294158005, 69.8087277708875, 81.28848260019495, 92.7682374295024, 92.76823742950239], "dividendPaid": [0.0, 16696719879.912855, 17502054693.250607, 18632970306.048134, 20132971281.54785, 21630923807.799633, 31177820376.388176, 41512975375.75386, 52202519218.49634, 62730824968.842155, 72538149317.4678, 73499038002.33498], "retainedEarning": [0.0, 38603555608.838036, 38082980065.575806, 38207535091.635635, 38950787019.568405, 39526135983.428955, 35371466106.1985, 29657445226.939743, 22576839875.147644, 14439793748.909264, 5654722863.155334, 5729629092.03479], "equityCost": [0.0, 7852767368.225935, 10106547835.73702, 12329935688.558495, 14560595402.234148, 16834648182.978249, 19142291399.53326, 21207373699.85715, 22938855935.48453, 24256953191.71457, 25099987585.64303, 25430125671.03872], "excessEquity": [0.0, 47447508120.524956, 45478486923.08939, 44510569709.125275, 44523162898.88211, 44322411608.250336, 47406995083.05342, 49963046902.83646, 51840503158.159454, 52913665526.03685, 53092884594.98011, 53798541423.33105], "cumulatedDiscount": [0.0, 1.0583827171348719, 1.1201739759297942, 1.1855727763083481, 1.254789736350363, 1.3280477705914469, 1.4055828079234844, 1.4876445514081202, 1.574497282450214, 1.6664207119211292, 1.7637108809729123, 1.8666811144444495], "presentValue": [0.0, 44830199277.03394, 40599485348.10428, 37543515335.87239, 35482568600.202774, 33374109418.150917, 33727642950.5348, 33585339223.367744, 32925114406.98448, 31752885179.298725, 30102941002.26483, 28820424124.418404], "Price Target USD": [153.24877256802895, 162.1958523081345, 171.66528687388978, 181.68757275932472, 192.29498692665382, 203.52169075484653, 215.4038400569976, 227.9797015208105, 241.28977594719248, 255.37692868385403, 270.28652767397585, 286.0665895645323], "Price Target Local": [153.24877256802895, 162.1958523081345, 171.66528687388978, 181.68757275932472, 192.29498692665382, 203.52169075484653, 215.4038400569976, 227.9797015208105, 241.28977594719248, 255.37692868385403, 270.28652767397585, 286.0665895645323], "Equity Invested": 134505000000.0, "PV of Equity Excess Return": 353923800741.8148, "Terminal  Value of Excess Equity Return": 675802124457.5012, "Value of Equity": 1164230925199.316, "Number of shares": 7597000000, "Estimated Value/Share": 153.24877256802895, "Estimated Value/Share (Local Currency)": 153.24877256802895, "Current price": 255.23, "Valuation": 39.95659892331271}, "2021Q4": {"Date": ["2020", "2021", "2023", "2024", "2025", "2026", "2027", "2028", "2029", "2030", "2031", "Terminal"], "revenueGrowth": [0.0, 4.155215791792767, 6.333510919783116, 8.511806047773465, 10.690101175763814, 10.690101175763814, 8.857414274011052, 7.0247273722582895, 5.1920404705055265, 3.3593535687527636, 1.5266666670000009, 1.526666667], "revenue": [168088000000.0, 175072419120.1086, 186160649902.60916, 202006283359.59384, 223600959432.13455, 247504128225.40833, 269426594207.61227, 288353077919.0577, 303324486422.5635, 313514228382.1008, 318300545603.1127, 323159933933.71454], "netMargin": [36.451739564989765, 34.36099401687435, 32.270248468758936, 30.179502920643525, 28.088757372528114, 25.998011824412703, 25.998011824412703, 25.998011824412703, 25.998011824412703, 25.998011824412703, 25.998011824412703, 25.998011824412703], "netIncome": [61271000000.0, 60156623459.05771, 60074504274.62842, 60964492186.39206, 62806730977.5373, 64346152521.95123, 70045557820.20747, 74966067293.45459, 78858335846.47716, 81507466165.99483, 82751813483.06738, 84015157835.85138], "netGrowth": [0.0, -1.8187666937740388, -0.13650896560905, 1.481473584359671, 3.021822580778338, 2.4510454858166457, 8.857414274011068, 7.024727372258282, 5.192040470505525, 3.3593535687527627, 1.5266666670000117, 1.526666666999994], "bvEquity": [0.0, 141988000000.0, 184905556653.8241, 226756403045.40015, 268204199631.49228, 309850501025.3784, 351437764757.0774, 388822016110.62537, 420391830645.80115, 444721945917.40955, 460692308124.58594, 467589293329.7801], "costOfEquity": [0.0, 5.83244521191605, 5.83244521191605, 5.83244521191605, 5.83244521191605, 5.83244521191605, 5.83244521191605, 5.83244521191605, 5.83244521191605, 5.83244521191605, 5.83244521191605, 5.83244521191605], "returnOnEquity": [0.4315223821731414, 0.42367399680999596, 0.32489290944943594, 0.2688545565532984, 0.2341750467137823, 0.2076683830073295, 0.19931141398143346, 0.19280304146184377, 0.187582940718272, 0.18327736446164, 0.17962490804315456, 0.17967724888986583], "dividendpayout": [26.978849313130116, 28.656972107097122, 30.335094901064128, 32.01321769503113, 33.69134048899814, 35.36946328296514, 46.62866209231191, 57.887860901658684, 69.14705971100545, 80.40625852035222, 91.665457329699, 91.665457329699], "dividendPaid": [0.0, 17239066805.233612, 18223657883.052357, 19516695600.299934, 21160429583.651157, 22758888790.25229, 32661306466.659504, 43396252758.27884, 54528220574.86878, 65537103958.81842, 75854828277.87323, 77012878656.5016], "retainedEarning": [0.0, 42917556653.8241, 41850846391.576065, 41447796586.092125, 41646301393.88614, 41587263731.698944, 37384251353.54797, 31569814535.17575, 24330115271.608376, 15970362207.176407, 6896985205.194153, 7002279179.349777], "equityCost": [0.0, 8281372307.495361, 10784515285.622683, 13225442972.1345, 15642862999.564735, 18071860711.152576, 20497415083.438953, 22677831061.519623, 24519123197.78726, 25938163840.99984, 26869626466.87795, 27271889350.244854], "excessEquity": [0.0, 51875251151.56235, 49289988989.00574, 47739049214.25756, 47163867977.972565, 46274291810.79866, 49548142736.768524, 52288236231.93497, 54339212648.689896, 55569302324.99499, 55882187016.18944, 56743268485.60652], "cumulatedDiscount": [0.0, 1.0583244521191606, 1.1200506459533215, 1.185376986224261, 1.2545134495004526, 1.3276822591186848, 1.4051185994701114, 1.487071371946648, 1.5738039949775247, 1.665595250727535, 1.7627401811784942, 1.8655510364741597], "presentValue": [0.0, 49016396670.877945, 44006928764.41582, 40273305259.88956, 37595346623.627846, 34853438383.303795, 35262605416.69136, 35161887464.410774, 34527306336.81351, 33363028803.49966, 31701885287.954887, 30416358157.02461], "Price Target USD": [166.91186418980837, 176.6469072208667, 186.94974130306792, 197.85348253838816, 209.39317850730757, 221.60592092123588, 234.53096484532898, 248.20985487491092, 262.68655867106645, 278.00760828462415, 294.2222497227831, 311.38260123913125], "Price Target Local": [166.91186418980837, 176.6469072208667, 186.94974130306792, 197.85348253838816, 209.39317850730757, 221.60592092123588, 234.53096484532898, 248.20985487491092, 262.68655867106645, 278.00760828462415, 294.2222497227831, 311.38260123913125], "Equity Invested": 141988000000.0, "PV of Equity Excess Return": 375762129011.48517, "Terminal  Value of Excess Equity Return": 747608713411.4521, "Value of Equity": 1265358842422.9373, "Number of shares": 7581000000, "Estimated Value/Share": 166.91186418980837, "Estimated Value/Share (Local Currency)": 166.91186418980837, "Current price": 279.78, "Valuation": 40.34174558946015}, "2014Q1": {"Date": ["2013", "2014", "2015", "2016", "2017", "2018", "2019", "2020", "2021", "2022", "2023", "Terminal"], "revenueGrowth": [0.0, 4.033651788824034, 6.252468251137294, 8.471284713450554, 10.690101175763814, 10.690101175763814, 9.100647607211052, 7.511194038658289, 5.921740470105526, 4.332286901552763, 2.742833333, 2.742833333], "revenue": [80370000000.0, 83611845942.67789, 88839650064.43365, 96365509759.825, 106667080251.69084, 118069899051.82977, 128815024494.72662, 138490570935.47076, 146691623121.83673, 153046725096.0192, 157244541687.0177, 161557497390.7323], "netMargin": [28.170959313176557, 27.736369815423785, 27.301780317671014, 26.867190819918243, 26.43260132216547, 25.998011824412703, 25.998011824412703, 25.998011824412703, 25.998011824412703, 25.998011824412703, 25.998011824412703, 25.998011824412703], "netIncome": [22641000000.0, 23190890800.163544, 24254806095.579353, 25890705391.759117, 28194884064.92374, 30695826316.566845, 33489345299.759148, 36004795007.50035, 38136905524.63803, 39789105687.33948, 40880454541.034424, 42001737274.86783], "netGrowth": [0.0, 2.4287390140168, 4.587643073237648, 6.744639762252811, 8.89963652322131, 8.87019874202795, 9.100647607211057, 7.511194038658302, 5.9217404701055205, 4.332286901552766, 2.742833333000001, 2.7428333330000005], "bvEquity": [0.0, 81641000000.0, 96901218373.94485, 112790448257.61066, 129675483009.32758, 147980606194.0002, 167819483492.1262, 186137895309.4423, 202256489599.65707, 215542089653.00186, 225451679285.1213, 231573106439.20374], "costOfEquity": [0.0, 8.955745620999508, 8.955745620999508, 8.955745620999508, 8.955745620999508, 8.955745620999508, 8.955745620999508, 8.955745620999508, 8.955745620999508, 8.955745620999508, 8.955745620999508, 8.955745620999508], "returnOnEquity": [0.27732389363187615, 0.28405936723170394, 0.25030444923797857, 0.22954696777714165, 0.21742648194258646, 0.20743141352134417, 0.1995557643420492, 0.19343076243365, 0.18855714147973965, 0.184600166730291, 0.18132690193597653, 0.18137571292586513], "dividendpayout": [33.90433424436988, 34.19736005208893, 34.490385859807986, 34.78341166752704, 35.076437475246095, 35.36946328296514, 45.30077655042174, 55.23208981787833, 65.16340308533493, 75.09471635279154, 85.02602962024814, 85.02602962024812], "dividendPaid": [0.0, 7930672426.218695, 8365576211.913547, 9005670640.042194, 9889760880.2511, 10856949018.44086, 15170933482.443056, 19886200717.285564, 24851305471.293247, 29879516055.220024, 34759027386.952, 35712409576.347916], "retainedEarning": [0.0, 15260218373.944849, 15889229883.665806, 16885034751.716923, 18305123184.672638, 19838877298.125984, 18318411817.316093, 16118594290.214787, 13285600053.344784, 9909589632.119453, 6121427154.08242, 6289327698.519913], "equityCost": [0.0, 7311560282.440208, 8678226621.219738, 10101225630.736683, 11613406391.117815, 13252766659.147701, 15029486044.030085, 16670036408.196028, 18113576710.508614, 19303401255.50955, 20190878895.047108, 20739098339.34152], "excessEquity": [0.0, 15879330517.723335, 15576579474.359615, 15789479761.022434, 16581477673.805925, 17443059657.419144, 18459859255.729065, 19334758599.30432, 20023328814.129417, 20485704431.82993, 20689575645.987316, 21262638935.52631], "cumulatedDiscount": [0.0, 1.089557456209995, 1.187135450382795, 1.293452281495785, 1.4092905775555618, 1.5355030567421526, 1.6730188045066514, 1.822850112829754, 1.9860999319868893, 2.163969989674479, 2.3577696372644947, 2.5689254883070656], "presentValue": [0.0, 14574110274.972818, 13121147607.32392, 12207237937.500896, 11765833063.72968, 11359833886.90072, 11033862384.5729, 10606883398.2677, 10081732792.81981, 9466722981.177547, 8775062380.560446, 8276860902.469574], "Price Target USD": [40.28748006869838, 43.89552430076188, 47.82669579614213, 52.10993301057388, 56.77676605427413, 61.86154879392491, 67.40171174111931, 73.43803758885332, 80.01496142436501, 87.18089782827202, 94.98859726787555, 103.49553440814216], "Price Target Local": [40.28748006869838, 43.89552430076188, 47.82669579614213, 52.10993301057388, 56.77676605427413, 61.86154879392491, 67.40171174111931, 73.43803758885332, 80.01496142436501, 87.18089782827202, 94.98859726787555, 103.49553440814216], "Equity Invested": 81641000000.0, "PV of Equity Excess Return": 112992426707.82643, "Terminal  Value of Excess Equity Return": 145151180191.57568, "Value of Equity": 339784606899.4021, "Number of shares": 8434000000, "Estimated Value/Share": 40.28748006869838, "Estimated Value/Share (Local Currency)": 40.28748006869838, "Current price": 28.13, "Valuation": 43.21891243760533}, "2014Q2": {"Date": ["2013", "2014", "2015", "2016", "2017", "2018", "2019", "2020", "2021", "2022", "2023", "Terminal"], "revenueGrowth": [0.0, 4.033651788824034, 6.252468251137294, 8.471284713450554, 10.690101175763814, 10.690101175763814, 9.07381427401105, 7.457527372258288, 5.841240470505525, 4.224953568752762, 2.6086666669999996, 2.608666667], "revenue": [83433000000.0, 86798396696.96956, 92225438892.94379, 100038118399.79442, 110732294471.06284, 122569688784.26418, 133691434700.78168, 143661510037.95728, 152053124302.83377, 158477298204.46643, 162611442657.48853, 166853433158.82224], "netMargin": [27.353684992748672, 27.082550359081477, 26.81141572541428, 26.540281091747087, 26.26914645807989, 25.998011824412703, 25.998011824412703, 25.998011824412703, 25.998011824412703, 25.998011824412703, 25.998011824412703, 25.998011824412703], "netIncome": [22822000000.0, 23507219496.332092, 24726945826.17507, 26550397822.200203, 29088428610.995796, 31865682183.27885, 34757115001.736206, 37349136366.79797, 39530789235.63967, 41200946726.20696, 42275742089.94195, 43378575282.06915], "netGrowth": [0.0, 3.0024515657352215, 5.188730764322413, 7.374351886575855, 9.559294763837437, 9.547623247112142, 9.07381427401106, 7.457527372258283, 5.841240470505519, 4.224953568752763, 2.6086666669999916, 2.6086666670000005], "bvEquity": [0.0, 85100000000.0, 100272209654.47623, 116231664418.92175, 133368025536.8764, 152142501925.89197, 172709494587.14874, 191646045120.22464, 208237377405.69827, 221820952876.09442, 231833509644.26593, 237854215078.3281], "costOfEquity": [0.0, 8.195621407646446, 8.195621407646446, 8.195621407646446, 8.195621407646446, 8.195621407646446, 8.195621407646446, 8.195621407646446, 8.195621407646446, 8.195621407646446, 8.195621407646446, 8.195621407646446], "returnOnEquity": [0.2681786133960047, 0.27623054637288, 0.2465981941694574, 0.2284265475757738, 0.21810646512835127, 0.20944628739443566, 0.20124611611435098, 0.19488602722465717, 0.18983522424326277, 0.18573965259819772, 0.18235388902497934, 0.18237463341897933], "dividendpayout": [35.45723407720084, 35.45723407720084, 35.45723407720084, 35.45723407720084, 35.45723407720084, 35.45723407720084, 45.51748460098037, 55.5777351247599, 65.63798564853943, 75.69823617231896, 85.75848669609849, 85.75848669609847], "dividendPaid": [0.0, 8335009841.855862, 8767491061.729538, 9414036704.24556, 10313952221.98024, 11298689522.022064, 15820564468.660315, 20757804081.32435, 25947213765.243538, 31188389958.03546, 36255036655.879776, 37200809712.23033], "retainedEarning": [0.0, 15172209654.47623, 15959454764.445534, 17136361117.954643, 18774476389.015556, 20566992661.256786, 18936550533.07589, 16591332285.473625, 13583575470.396133, 10012556768.171501, 6020705434.062172, 6177765569.838821], "equityCost": [0.0, 6974473817.907125, 8217930680.36238, 9525907171.580929, 10930338451.855621, 12469023457.967308, 14154616311.422342, 15706584300.780897, 17066347081.38293, 18179605500.55853, 19000196746.503548, 19493630969.94888], "excessEquity": [0.0, 16532745678.424967, 16509015145.81269, 17024490650.619274, 18158090159.140175, 19396658725.311543, 20602498690.313866, 21642552066.017075, 22464442154.25674, 23021341225.648434, 23275545343.4384, 23884944312.120274], "cumulatedDiscount": [0.0, 1.0819562140764645, 1.1706292491786763, 1.2665695905285348, 1.3703728390326313, 1.4826834087929621, 1.6041985276516202, 1.7356725656049854, 1.8779217179583538, 2.0318290722941907, 2.198350090709918, 2.378518541359155], "presentValue": [0.0, 15280420282.568438, 14102684652.203556, 13441417493.30569, 13250474354.087658, 13082131094.393354, 12842860989.577007, 12469259752.615467, 11962395417.994164, 11330353295.739805, 10587733701.651669, 10041941610.626133], "Price Target USD": [48.590775031915435, 52.57309099257242, 56.88178249262113, 61.543598035637274, 66.58747833128184, 72.04473596021232, 77.94924976364985, 84.33767516437933, 91.24967172486252, 98.72814935515247, 106.8195346990765, 115.57405935242234], "Price Target Local": [48.590775031915435, 52.57309099257242, 56.88178249262113, 61.543598035637274, 66.58747833128184, 72.04473596021232, 77.94924976364985, 84.33767516437933, 91.24967172486252, 98.72814935515247, 106.8195346990765, 115.57405935242234], "Equity Invested": 85100000000.0, "PV of Equity Excess Return": 128349731034.13681, "Terminal  Value of Excess Equity Return": 194469825358.79327, "Value of Equity": 407919556392.93005, "Number of shares": 8395000000, "Estimated Value/Share": 48.590775031915435, "Estimated Value/Share (Local Currency)": 48.590775031915435, "Current price": 30.31, "Valuation": 60.312685687612785}, "2014Q3": {"Date": ["2013", "2014", "2015", "2016", "2017", "2018", "2019", "2020", "2021", "2022", "2023", "Terminal"], "revenueGrowth": [0.0, 4.033651788824034, 6.252468251137294, 8.471284713450554, 10.690101175763814, 10.690101175763814, 9.053914274011051, 7.417727372258288, 5.781540470505526, 4.145353568752763, 2.5091666670000006, 2.509166667], "revenue": [83347000000.0, 86708927756.43118, 92130375935.30362, 99935002388.35553, 110618155253.67271, 122443347969.05382, 133529263728.401, 143434100473.95758, 151726801041.365, 158016413403.08762, 161981308576.58682, 166045689578.16095], "netMargin": [26.90798709011722, 26.72599203697632, 26.543996983835417, 26.362001930694515, 26.180006877553613, 25.998011824412703, 25.998011824412703, 25.998011824412703, 25.998011824412703, 25.998011824412703, 25.998011824412703, 25.998011824412703], "netIncome": [22427000000.0, 23173821127.53135, 24455084209.463223, 26344867259.05789, 28959840653.23445, 31832836083.201405, 34714953773.16091, 37290014401.45949, 39445951675.53721, 41081125841.04758, 42111919757.07947, 43168578010.45789], "netGrowth": [0.0, 3.330009040582107, 5.528924534632253, 7.727567132495877, 9.925931182202026, 9.920618916271819, 9.053914274011033, 7.417727372258311, 5.78154047050553, 4.145353568752753, 2.509166667000004, 2.5091666670000006], "bvEquity": [0.0, 87424000000.0, 101831419338.75525, 117035414020.13829, 133414307597.34631, 151418958879.4341, 171209783002.4215, 189426990251.6215, 205380398414.40555, 218432048894.74817, 228042103104.00348, 233810725352.11618], "costOfEquity": [0.0, 8.279781394951648, 8.279781394951648, 8.279781394951648, 8.279781394951648, 8.279781394951648, 8.279781394951648, 8.279781394951648, 8.279781394951648, 8.279781394951648, 8.279781394951648, 8.279781394951648], "returnOnEquity": [0.2565313872620791, 0.265073905649837, 0.2401526401994875, 0.22510167097392186, 0.21706697860800112, 0.21023018728155432, 0.20276267608300116, 0.1968569228277663, 0.19206288418987913, 0.18807279448650221, 0.18466730127406966, 0.18463044390049485], "dividendpayout": [37.82890072609254, 37.82890072609254, 37.82890072609254, 37.82890072609254, 37.82890072609254, 37.82890072609254, 47.52345813784664, 57.218015549600736, 66.91257296135483, 76.60713037310892, 86.301687784863, 86.30168778486302], "dividendPaid": [0.0, 8766401788.776093, 9251089528.080175, 9965973681.849867, 10955189371.14665, 12042011960.214024, 16497746523.96094, 21336606238.67544, 26394301195.1946, 31471071631.79225, 36343297508.96676, 37255211415.750404], "retainedEarning": [0.0, 14407419338.755257, 15203994681.383047, 16378893577.208025, 18004651282.0878, 19790824122.98738, 18217207249.199974, 15953408162.784046, 13051650480.34261, 9610054209.255325, 5768622248.112709, 5913366594.707489], "equityCost": [0.0, 7238516086.722528, 8431418912.625451, 9690276435.544043, 11046413018.648643, 12537158785.728872, 14175795759.371584, 15684140695.870628, 17005048016.79352, 18085696144.999046, 18881387625.461735, 19359016937.10601], "excessEquity": [0.0, 15935305040.80882, 16023665296.837772, 16654590823.51385, 17913427634.585808, 19295677297.472534, 20539158013.78933, 21605873705.58886, 22440903658.74369, 22995429696.04853, 23230532131.617733, 23809561073.351883], "cumulatedDiscount": [0.0, 1.0827978139495165, 1.1724511058938516, 1.2695274944245556, 1.3746415957117157, 1.4884589148007208, 1.61170005909989, 1.7451453007356674, 1.8896395166608522, 2.0460975377929915, 2.2155099410497394, 2.39894932095208], "presentValue": [0.0, 14716787229.819597, 13666808975.050327, 13118731887.774475, 13031344090.319918, 12963526977.871536, 12743784364.728594, 12380558625.394049, 11875759085.732185, 11238677175.11277, 10485410921.068033, 9924995440.880133], "Price Target USD": [47.79227278695394, 51.74936849739269, 56.034103082244776, 60.67360432407651, 65.69724612654797, 71.13683448832947, 77.02680887525172, 83.40446026562977, 90.31016724926322, 97.78765167491743, 105.88425546485736, 114.65124034901969], "Price Target Local": [47.79227278695394, 51.74936849739269, 56.034103082244776, 60.67360432407651, 65.69724612654797, 71.13683448832947, 77.02680887525172, 83.40446026562977, 90.31016724926322, 97.78765167491743, 105.88425546485736, 114.65124034901969], "Equity Invested": 87424000000.0, "PV of Equity Excess Return": 126221389332.87148, "Terminal  Value of Excess Equity Return": 186232557075.57214, "Value of Equity": 399877946408.4436, "Number of shares": 8367000000, "Estimated Value/Share": 47.79227278695394, "Estimated Value/Share (Local Currency)": 47.79227278695394, "Current price": 33.75, "Valuation": 41.60673418356723}, "2014Q4": {"Date": ["2013", "2014", "2016", "2017", "2018", "2019", "2020", "2021", "2022", "2023", "2024", "Terminal"], "revenueGrowth": [0.0, 4.011333952919639, 6.237589693867697, 8.463845434815756, 10.690101175763814, 10.690101175763814, 8.99638094061105, 7.302660705458288, 5.608940470305525, 3.915220235152762, 2.221499999999999, 2.2215], "revenue": [86833000000.0, 90316161611.33871, 95949713199.90446, 104070748620.29338, 115196016942.17757, 127510587703.74637, 138981925913.18735, 149131304404.53882, 157495990491.17953, 163662305380.44446, 167298063494.47104, 171014589975.00073], "netMargin": [25.42121082998399, 25.062661679144583, 24.704112528305174, 24.345563377465766, 23.987014226626357, 23.62846507578694, 23.62846507578694, 23.62846507578694, 23.62846507578694, 23.62846507578694, 23.62846507578694, 23.62846507578694], "netIncome": [22074000000.0, 22635634026.239277, 23703525119.490482, 25336610062.756603, 27632084972.42704, 30128794683.51039, 32839295826.053555, 35237438178.29197, 37213885108.973076, 38670890669.04609, 39529964505.25895, 40408122666.743286], "netGrowth": [0.0, 2.5443237575395345, 4.717743236232322, 6.889629011017011, 9.059913319046009, 9.035545864797095, 8.996380940611047, 7.3026607054582815, 5.60894047030552, 3.9152202351527587, 2.2215000000000034, 2.2215000000000233], "bvEquity": [0.0, 89784000000.0, 103303656853.86256, 117461136404.51004, 132594013773.50774, 149097916714.81415, 167093037375.8639, 183580801791.63232, 197918045262.10248, 209516734110.8448, 217888109727.85614, 222682245098.96942], "costOfEquity": [0.0, 8.231869700010378, 8.231869700010378, 8.231869700010378, 8.231869700010378, 8.231869700010378, 8.231869700010378, 8.231869700010378, 8.231869700010378, 8.231869700010378, 8.231869700010378, 8.231869700010378], "returnOnEquity": [0.24585672280139, 0.2521121138091339, 0.22945485030624255, 0.21570206826113916, 0.20839617254235293, 0.2020738810263795, 0.1965329994701329, 0.1919451153628097, 0.18802674137009995, 0.18457184736655574, 0.18142322935671967, 0.18146090923766375], "dividendpayout": [40.27268315881699, 40.27268315881699, 40.27268315881699, 40.27268315881699, 40.27268315881699, 40.27268315881699, 49.79257623822852, 59.31246931764005, 68.83236239705158, 78.35225547646311, 87.87214855587465, 87.87214855587466], "dividendPaid": [0.0, 9115977172.376713, 9546045568.842999, 10203732693.75891, 11128182031.120625, 12133674022.460638, 16351531410.285112, 20900194707.821804, 25615196260.230762, 30299515052.03473, 34735829134.14566, 35507485578.360725], "retainedEarning": [0.0, 13519656853.862564, 14157479550.647484, 15132877368.997694, 16503902941.306416, 17995120661.04975, 16487764415.768442, 14337243470.470165, 11598688848.742313, 8371375617.01136, 4794135371.113289, 4900637088.382561], "equityCost": [0.0, 7390901891.457318, 8503822427.555807, 9669247696.970722, 10914966443.848972, 12273546229.393496, 13754881114.570757, 15112132397.721493, 16292355598.78384, 17247144551.721943, 17936265284.612755, 18330912261.60491], "excessEquity": [0.0, 15244732134.78196, 15199702691.934675, 15667362365.785881, 16717118528.578068, 17855248454.116898, 19084414711.482796, 20125305780.570477, 20921529510.189236, 21423746117.324146, 21593699220.646194, 22077210405.138374], "cumulatedDiscount": [0.0, 1.0823186970001037, 1.1714137618760023, 1.2678430164016246, 1.3722102015124875, 1.4851687573112453, 1.6074259142383702, 1.7397471210226734, 1.8829608371349416, 2.0379637197501146, 2.205726237693429, 2.387298747519293], "presentValue": [0.0, 14085252501.907484, 12975519996.958693, 12357493919.280941, 12182622247.05224, 12022370095.127844, 11872655867.020388, 11567948891.756317, 11110974321.708584, 10512329493.260569, 9789836495.406225, 9247778656.977642], "Price Target USD": [44.911993923493554, 48.60909074295212, 52.61052775527174, 56.9413578485735, 61.62869623208471, 66.70189020372513, 72.19270289273976, 78.13551212778572, 84.56752567558084, 91.52901419771747, 99.06356338417757, 107.21834684215025], "Price Target Local": [44.911993923493554, 48.60909074295212, 52.61052775527174, 56.9413578485735, 61.62869623208471, 66.70189020372513, 72.19270289273976, 78.13551212778572, 84.56752567558084, 91.52901419771747, 99.06356338417757, 107.21834684215025], "Equity Invested": 89784000000.0, "PV of Equity Excess Return": 118477003829.4793, "Terminal  Value of Excess Equity Return": 166529585462.07443, "Value of Equity": 374790589291.5537, "Number of shares": 8345000000, "Estimated Value/Share": 44.911993923493554, "Estimated Value/Share (Local Currency)": 44.911993923493554, "Current price": 36.81, "Valuation": 22.010306773956945}, "2023Q1": {"Date": ["2022", "2023", "2024", "2025", "2026", "2027", "2028", "2029", "2030", "2031", "2032", "Terminal"], "revenueGrowth": [0.0, 5.081859105508567, 6.9512731289269825, 8.820687152345398, 10.690101175763814, 10.690101175763814, 9.281614274011051, 7.873127372258288, 6.464640470505525, 5.056153568752762, 3.6476666669999993, 3.647666667], "revenue": [203075000000.0, 213394985378.5115, 228228653655.60565, 248359989186.57657, 274909923310.7377, 304298072254.87024, 332541845564.8187, 358723288632.1954, 381913459526.2406, 401223590539.6237, 415858889711.8782, 431028035813.65466], "netMargin": [34.36612089129632, 32.69249907791959, 31.01887726454287, 29.345255451166146, 27.671633637789423, 25.998011824412703, 25.998011824412703, 25.998011824412703, 25.998011824412703, 25.998011824412703, 25.998011824412703, 25.998011824412703], "netIncome": [69789000000.0, 69764153627.19652, 70793965959.95096, 72881873265.28952, 76072066812.47519, 79111448806.28108, 86454268331.0618, 93260922995.52026, 99289906366.65565, 104310156510.82458, 108115043320.16547, 112058719717.36777], "netGrowth": [0.0, -0.03560213329247024, 1.4761339157893592, 2.9492729740832964, 4.377211238209241, 3.9953982074632672, 9.281614274011032, 7.8731273722583, 6.46464047050552, 5.056153568752756, 3.6476666670000024, 3.6476666670000144], "bvEquity": [0.0, 173566000000.0, 223559621267.57724, 273046946858.50446, 322712823418.8844, 373215644400.57446, 424345798368.69617, 472489739035.11633, 516083452830.0747, 553615489124.0847, 583716369371.6632, 605246111207.7975], "costOfEquity": [0.0, 10.38426891096569, 10.38426891096569, 10.38426891096569, 10.38426891096569, 10.38426891096569, 10.38426891096569, 10.38426891096569, 10.38426891096569, 10.38426891096569, 10.38426891096569, 10.38426891096569], "returnOnEquity": [0.4020891188366385, 0.4019459665325958, 0.3166670508679117, 0.2669206673204722, 0.23572681744268, 0.2119724882737507, 0.20373541734928485, 0.1973819012154017, 0.1923911836780936, 0.18841625380796564, 0.18521845367561823, 0.1851457079067377], "dividendpayout": [26.58150756498849, 28.339098708583823, 30.096689852179153, 31.854280995774484, 33.611872139369815, 35.36946328296514, 44.312823882724715, 53.25618448248429, 62.19954508224386, 71.14290568200343, 80.086266281763, 80.086266281763], "dividendPaid": [0.0, 19770532359.61928, 21306640369.023724, 23215996704.909565, 25569245830.785137, 27981294838.15935, 38310327664.64166, 49667209200.561874, 61757870072.6457, 74209276263.2461, 86585301484.03114, 89743644664.78561], "retainedEarning": [0.0, 49993621267.57724, 49487325590.92723, 49665876560.37996, 50502820981.69005, 51130153968.121735, 48143940666.420135, 43593713794.95839, 37532036294.00996, 30100880247.57849, 21529741836.134323, 22315075052.582153], "equityCost": [0.0, 18023560178.00671, 23215032248.76166, 28353929214.968685, 33511367393.986816, 38755716132.34911, 44065208814.98967, 49064605078.1265, 53591493546.87173, 57488921123.40297, 60614677472.87927, 62850383760.98014], "excessEquity": [0.0, 51740593449.189804, 47578933711.1893, 44527944050.32083, 42560699418.48837, 40355732673.93197, 42389059516.07213, 44196317917.39376, 45698412819.78393, 46821235387.421616, 47500365847.286194, 49208335956.38763], "cumulatedDiscount": [0.0, 1.1038426891096569, 1.2184686823008386, 1.344997746866858, 1.484665929747942, 1.6388376323224574, 1.8090189390769245, 1.9968723303609708, 2.204232922954321, 2.433126397097937, 2.6857887851162774, 2.96468831494331], "presentValue": [0.0, 46873158611.869774, 39048138374.26321, 33106333563.79048, 28666852633.786835, 24624607025.12815, 23432070610.439102, 22132770956.57111, 20732116077.15876, 19243240073.04623, 17685815843.195477, 16598148179.137873], "Price Target USD": [96.33723212208695, 106.34114936702566, 117.38390028030929, 129.5733601435964, 143.02860629788148, 157.8810813954599, 174.27587744710507, 192.37315320815748, 212.34969874979657, 234.400662499601, 258.74145762264465, 285.60986636633237], "Price Target Local": [96.33723212208695, 106.34114936702566, 117.38390028030929, 129.5733601435964, 143.02860629788148, 157.8810813954599, 174.27587744710507, 192.37315320815748, 212.34969874979657, 234.400662499601, 258.74145762264465, 285.60986636633237], "Equity Invested": 173566000000.0, "PV of Equity Excess Return": 275545103769.2491, "Terminal  Value of Excess Equity Return": 271973078664.57166, "Value of Equity": 721084182433.8208, "Number of shares": 7485000000, "Estimated Value/Share": 96.33723212208695, "Estimated Value/Share (Local Currency)": 96.33723212208695, "Current price": 247.3, "Valuation": 61.04438652564216}, "2023Q2": {"Date": ["2022", "2023", "2024", "2025", "2026", "2027", "2028", "2029", "2030", "2031", "2032", "Terminal"], "revenueGrowth": [0.0, 5.081859105508567, 6.9512731289269825, 8.820687152345398, 10.690101175763814, 10.690101175763814, 9.258814274011051, 7.827527372258288, 6.396240470505525, 4.964953568752762, 3.533666666999999, 3.533666667], "revenue": [204094000000.0, 214465769522.79663, 229373870930.38126, 249606222494.37473, 276289380220.0255, 305824994503.437, 334140762748.0148, 360295722413.9883, 383341103224.53204, 402373811009.5747, 416592360245.9576, 431313345617.2375], "netMargin": [33.04800729075818, 32.356131552427584, 31.66425581409699, 30.972380075766395, 30.2805043374358, 29.588628599105206, 29.588628599105206, 29.588628599105206, 29.588628599105206, 29.588628599105206, 29.588628599105206, 29.588628599105206], "netIncome": [67449000000.0, 69392826521.72223, 72629529262.09258, 77308987923.72086, 83661817761.3993, 90489421786.85588, 98867669287.72737, 106606563163.53804, 113425375300.81929, 119056892519.68855, 123263966245.42279, 127619703933.0594], "netGrowth": [0.0, 2.881920446147799, 4.66431892546869, 6.442914760939561, 8.217453116766519, 8.160955867500597, 9.258814274011065, 7.827527372258296, 6.39624047050552, 4.96495356875278, 3.533666666999989, 3.5336666669999803], "bvEquity": [0.0, 183136000000.0, 232021039283.8419, 282130147995.2892, 334343616519.2869, 389631200352.7944, 448114999325.7808, 503048549672.85205, 552615133798.7557, 595066892443.0582, 628830481231.8403, 652609792330.3027], "costOfEquity": [0.0, 9.982429004034977, 9.982429004034977, 9.982429004034977, 9.982429004034977, 9.982429004034977, 9.982429004034977, 9.982429004034977, 9.982429004034977, 9.982429004034977, 9.982429004034977, 9.982429004034977], "returnOnEquity": [0.36830006115673597, 0.3789141759223868, 0.3130299281749254, 0.2740188826789674, 0.25022705273206014, 0.23224377746166525, 0.22063012716932134, 0.21192102279763567, 0.20525202507777335, 0.20007312460435878, 0.19602097850593414, 0.19555284862852282], "dividendpayout": [28.099109735562656, 29.553180445043154, 31.00725115452365, 32.46132186400415, 33.915392573484645, 35.36946328296514, 44.43729609200949, 53.50512890105384, 62.572961710098184, 71.64079451914253, 80.70862732818688, 80.70862732818689], "dividendPaid": [0.0, 20507787237.880333, 22520420550.645294, 25095519399.723125, 28374233927.891876, 32005622813.86945, 43934118940.656136, 57039979037.6344, 70973616656.51682, 85293303730.90646, 99484655146.96034, 103000111244.66838], "retainedEarning": [0.0, 48885039283.841896, 50109108711.44728, 52213468523.99773, 55287583833.50743, 58483798972.986435, 54933550347.071236, 49566584125.90364, 42451758644.302475, 33763588788.78209, 23779311098.46245, 24619592688.39102], "equityCost": [0.0, 18281421180.829494, 23161335520.933617, 28163441722.60855, 33375614148.560772, 38894657952.78697, 44732761664.127884, 50216464326.920074, 55164413397.01368, 59402130064.64546, 62772556344.69994, 65146309192.75256], "excessEquity": [0.0, 51111405340.89273, 49468193741.15896, 49145546201.112305, 50286203612.83853, 51594763834.06891, 54134907623.59949, 56390098836.617966, 58260961903.80561, 59654762455.04309, 60491409900.72285, 62473394740.30684], "cumulatedDiscount": [0.0, 1.0998242900403499, 1.2096134689627596, 1.3303622747252117, 1.4631647442961209, 1.6092241261075513, 1.76986378201204, 1.9465391775195204, 2.1408510689511333, 2.354560006991304, 2.5896022880466125, 2.848107497937731], "presentValue": [0.0, 46472337266.726105, 40895868813.01662, 36941476118.798836, 34368107766.99621, 32061888084.4573, 30587047530.888012, 28969413761.54371, 27213925690.005795, 25335842908.19198, 23359343703.06442, 21935055044.63677], "Price Target USD": [118.21751514307056, 130.0184946625619, 142.99749858436715, 157.27212235809753, 172.97170031563365, 190.23847749671395, 209.2288984511805, 230.11502469499405, 253.0860936627894, 278.3502332817628, 306.13634770168056, 336.6961912665465], "Price Target Local": [118.21751514307056, 130.0184946625619, 142.99749858436715, 157.27212235809753, 172.97170031563365, 190.23847749671395, 209.2288984511805, 230.11502469499405, 253.0860936627894, 278.3502332817628, 306.13634770168056, 336.6961912665465], "Equity Invested": 183136000000.0, "PV of Equity Excess Return": 326205251643.6889, "Terminal  Value of Excess Equity Return": 374098239020.47736, "Value of Equity": 883439490664.1663, "Number of shares": 7473000000, "Estimated Value/Share": 118.21751514307056, "Estimated Value/Share (Local Currency)": 118.21751514307056, "Current price": 239.47, "Valuation": 50.633684744197375}, "2023Q3": {"Date": ["2022", "2023", "2024", "2025", "2026", "2027", "2028", "2029", "2030", "2031", "2032", "Terminal"], "revenueGrowth": [0.0, 5.081859105508567, 6.9512731289269825, 8.820687152345398, 10.690101175763814, 10.690101175763814, 9.258814274011051, 7.827527372258288, 6.396240470505525, 4.964953568752762, 3.533666666999999, 3.533666667], "revenue": [207591000000.0, 218140482135.71628, 233304022853.7281, 253883040823.49188, 281023394755.6289, 311065079982.5718, 339866018009.46204, 366469123598.157, 389909369993.64923, 409268189174.05035, 423730362753.52826, 438703581340.10785], "netMargin": [33.248069521318364, 32.51618133687573, 31.7842931524331, 31.05240496799047, 30.320516783547838, 29.588628599105206, 29.588628599105206, 29.588628599105206, 29.588628599105206, 29.588628599105206, 29.588628599105206, 29.588628599105206], "netIncome": [69020000000.0, 70930954740.38452, 74154034560.24846, 78836789981.55927, 85207745572.57635, 92039891217.55272, 100561693803.38773, 108433187911.85448, 115368835360.53183, 121096844468.99306, 125376003296.78268, 129806373333.69792], "netGrowth": [0.0, 2.768697102846308, 4.5439679074683, 6.314903092030918, 8.081196091960773, 8.018221347209604, 9.258814274011042, 7.827527372258299, 6.3962404705055365, 4.964953568752765, 3.5336666669999883, 3.533666667000005], "bvEquity": [0.0, 194683000000.0, 244672379022.15637, 295849576927.1118, 349106449330.87976, 405421893322.48145, 464907769010.16077, 520782565182.9972, 571198436131.092, 614377574316.0922, 648719677269.8884, 672906429306.8956], "costOfEquity": [0.0, 9.423870181174179, 9.423870181174179, 9.423870181174179, 9.423870181174179, 9.423870181174179, 9.423870181174179, 9.423870181174179, 9.423870181174179, 9.423870181174179, 9.423870181174179, 9.423870181174179], "returnOnEquity": [0.3545250484120339, 0.3643407731562824, 0.3030748090839196, 0.26647592604461356, 0.2440738225715712, 0.22702249862057197, 0.21630461030473747, 0.20821201622552832, 0.20197680536725818, 0.1971049229845257, 0.19326684188835264, 0.19290404680395246], "dividendpayout": [28.062494326138054, 29.52388811750347, 30.985281908868888, 32.44667570023431, 33.908069491599726, 35.36946328296514, 44.43729609200946, 53.50512890105378, 62.5729617100981, 71.64079451914242, 80.70862732818674, 80.70862732818675], "dividendPaid": [0.0, 20941575718.22815, 22976836655.29305, 25579917577.791344, 28892301580.974678, 32554015529.873367, 44686897630.55133, 58017316963.7596, 72189697175.5317, 86754741515.1968, 101189251259.77545, 104764942102.12904], "retainedEarning": [0.0, 49989379022.15637, 51177197904.955414, 53256872403.76792, 56315443991.60168, 59485875687.67935, 55874796172.836395, 50415870948.09488, 43179138185.00014, 34342102953.796265, 24186752037.007233, 25041431231.56888], "equityCost": [0.0, 18346673184.815327, 23057607368.23846, 27880480061.164055, 32899338579.04872, 38206432912.76912, 43812304613.71067, 49077872869.034454, 53828999097.89122, 57898145025.79544, 61134500225.646385, 63413828338.65645], "excessEquity": [0.0, 52584281555.5692, 51096427192.009995, 50956309920.39521, 52308406993.52763, 53833458304.7836, 56749389189.677055, 59355315042.82002, 61539836262.64061, 63198699443.19762, 64241503071.1363, 66392544995.04147], "cumulatedDiscount": [0.0, 1.0942387018117419, 1.1973583365426461, 1.3101958317818918, 1.4336669860881726, 1.5687739016874744, 1.7166131176186432, 1.8783845093360312, 2.0554010269991445, 2.249099351486065, 2.461051554615742, 2.692977858214499], "presentValue": [0.0, 48055585557.79912, 42674298606.00474, 38892132522.73413, 36485744249.61376, 34315625882.65706, 33058927842.98547, 31599129330.448353, 29940549534.748394, 28099558786.24919, 26103274005.231754, 24653951309.893475], "Price Target USD": [134.23242326049348, 146.88231256960665, 160.72431102527287, 175.87076144588121, 192.4445936911836, 210.58032237132886, 230.425138578701, 252.1401045031485, 275.90146062620215, 301.90205610357884, 330.3529139450758, 361.4849436949858], "Price Target Local": [134.23242326049348, 146.88231256960665, 160.72431102527287, 175.87076144588121, 192.4445936911836, 210.58032237132886, 230.425138578701, 252.1401045031485, 275.90146062620215, 301.90205610357884, 330.3529139450758, 361.4849436949858], "Equity Invested": 194683000000.0, "PV of Equity Excess Return": 349224826318.47205, "Terminal  Value of Excess Equity Return": 458002980897.8512, "Value of Equity": 1001910807216.3232, "Number of shares": 7464000000, "Estimated Value/Share": 134.23242326049348, "Estimated Value/Share (Local Currency)": 134.23242326049348, "Current price": 273.18, "Valuation": 50.863012204226706}, "2023Q4": {"Date": ["2022", "2023", "2025", "2026", "2027", "2028", "2029", "2030", "2031", "2032", "2033", "Terminal"], "revenueGrowth": [0.0, 5.299623531703197, 7.096449413056736, 8.893275294410275, 10.690101175763814, 10.690101175763814, 9.258814274011051, 7.827527372258288, 6.396240470505525, 4.964953568752762, 3.533666666999999, 3.533666667], "revenue": [211915000000.0, 223145697207.2088, 238981118726.93112, 260234367516.9786, 288053684698.65265, 318846915033.4543, 348368358714.8156, 375636987349.50476, 399663632356.5415, 419506746134.23456, 434330716188.1963, 449678515930.6809], "netMargin": [34.14623787839464, 32.51659266759825, 30.886947456801867, 29.25730224600548, 27.627657035209094, 25.998011824412703, 25.998011824412703, 25.998011824412703, 25.998011824412703, 25.998011824412703, 25.998011824412703, 25.998011824412703], "netIncome": [72361000000.0, 72559377416.14026, 73813972572.8645, 76137555452.42314, 79582484085.82632, 82893858672.17258, 90568847091.19023, 97658148387.9919, 103904598397.93097, 109063413464.18729, 112917350951.66365, 116907473743.50198], "netGrowth": [0.0, 0.27414963328347974, 1.7290599801165996, 3.1478902957904684, 4.524611557243719, 4.160933934626966, 9.258814274011042, 7.8275273722582845, 6.39624047050552, 4.9649535687527795, 3.533666666999989, 3.533666666999989], "bvEquity": [0.0, 206223000000.0, 257775460053.36792, 309034926471.55695, 360686335507.0948, 413397846134.92346, 466972591900.2089, 517295092242.3676, 562701122452.982, 601589536280.3444, 632519053809.0905, 654302360792.3151], "costOfEquity": [0.0, 8.92806579809592, 8.92806579809592, 8.92806579809592, 8.92806579809592, 8.92806579809592, 8.92806579809592, 8.92806579809592, 8.92806579809592, 8.92806579809592, 8.92806579809592, 8.92806579809592], "returnOnEquity": [0.35088714643856406, 0.35184910226376426, 0.28634988201585443, 0.2463720082442873, 0.2206418049465057, 0.20051836130060036, 0.19394895688127367, 0.18878614905210864, 0.18465326307681745, 0.18129207189761207, 0.17852007820422883, 0.17867499912721557], "dividendpayout": [27.346818318570826, 28.951347311449688, 30.55587630432855, 32.16040529720741, 33.76493429008627, 35.36946328296514, 44.43729609200948, 53.50512890105382, 62.57296171009816, 71.6407945191425, 80.70862732818685, 80.70862732818685], "dividendPaid": [0.0, 21006917362.772354, 22554506154.67548, 24486146416.885323, 26870973457.997623, 29319112906.887096, 40246346749.03152, 52252118177.37748, 65016184570.56861, 78133895935.44121, 91134043968.43907, 94354417302.44092], "retainedEarning": [0.0, 51552460053.367905, 51259466418.189026, 51651409035.53782, 52711510627.828705, 53574745765.28548, 50322500342.158714, 45406030210.61442, 38888413827.36236, 30929517528.74608, 21783306983.22458, 22553056441.061066], "equityCost": [0.0, 18411725130.80735, 23014362684.909153, 27590841574.47795, 32202313358.81443, 36908431710.837296, 41691620263.92459, 46184446205.71957, 50238326459.22653, 53710309633.569275, 56471717309.569336, 58416545290.03285], "excessEquity": [0.0, 54147652285.33291, 50799609887.95535, 48546713877.94519, 47380170727.011894, 45985426961.33528, 48877226827.26564, 51473702182.27233, 53666271938.70444, 55353103830.61801, 56445633642.094315, 58490928453.46913], "cumulatedDiscount": [0.0, 1.0892806579809593, 1.1865323518514317, 1.2924667409404227, 1.4078590219900897, 1.5335536018177949, 1.6704702764371577, 1.8196109618551022, 1.982067025798892, 2.15902727402458, 2.3517866496483313, 2.5617557091597702], "presentValue": [0.0, 49709550875.2524, 42813505934.91115, 37561286755.140564, 33654059097.506294, 29986188227.67365, 29259560925.270004, 28288300774.905556, 27075911783.09104, 25637982667.739025, 24001171046.07885, 22832359949.205914], "Price Target USD": [133.287796728569, 145.187818921328, 158.15028292544451, 172.27004424490306, 187.650427145497, 204.40398075145504, 222.65330264687228, 242.5319360088187, 264.18534683708197, 287.7719884316246, 313.46446090728904, 341.4507742307385], "Price Target Local": [133.287796728569, 145.187818921328, 158.15028292544451, 172.27004424490306, 187.650427145497, 204.40398075145504, 222.65330264687228, 242.5319360088187, 264.18534683708197, 287.7719884316246, 313.46446090728904, 341.4507742307385], "Equity Invested": 206223000000.0, "PV of Equity Excess Return": 327987518087.5685, "Terminal  Value of Excess Equity Return": 461049460084.65607, "Value of Equity": 995259978172.2246, "Number of shares": 7467000000, "Estimated Value/Share": 133.287796728569, "Estimated Value/Share (Local Currency)": 133.287796728569, "Current price": 328.74, "Valuation": 59.45495019511803}, "2024Q1": {"Date": ["2023", "2024", "2025", "2026", "2027", "2028", "2029", "2030", "2031", "2032", "2033", "Terminal"], "revenueGrowth": [0.0, 5.299623531703197, 7.096449413056736, 8.893275294410275, 10.690101175763814, 10.690101175763814, 9.258814274011051, 7.827527372258288, 6.396240470505525, 4.964953568752762, 3.533666666999999, 3.533666667], "revenue": [218310000000.0, 229879608132.06125, 246192898234.08603, 268087510429.33066, 296746336533.81244, 328468820144.64954, 358881138149.87805, 386972657472.4318, 411724359199.47424, 432166282464.973, 447437598334.4508, 463248551602.4206], "netMargin": [35.314919151665066, 33.45153768621459, 31.58815622076412, 29.724774755313646, 27.861393289863173, 25.998011824412703, 25.998011824412703, 25.998011824412703, 25.998011824412703, 25.998011824412703, 25.998011824412703, 25.998011824412703], "netIncome": [77096000000.0, 76898263747.2189, 77767797298.60992, 79688408622.24652, 82677663894.94641, 85395362700.71489, 93301960731.79219, 100605197246.9269, 107040147588.66675, 112354641216.36848, 116324879721.85873, 120435413222.01788], "netGrowth": [0.0, -0.25648056031583666, 1.1307583669890975, 2.4696743258162552, 3.7511795308526006, 3.2871015915758055, 9.258814274011053, 7.827527372258279, 6.396240470505529, 4.964953568752764, 3.533666666999994, 3.533666666999987], "bvEquity": [0.0, 220714000000.0, 276036970506.9948, 330563811422.4238, 384980477691.1618, 439926953208.95844, 495118434453.88904, 546959526635.6443, 593735783414.4435, 633797740438.0212, 665660624007.8514, 688101290065.0336], "costOfEquity": [0.0, 8.788081278446581, 8.788081278446581, 8.788081278446581, 8.788081278446581, 8.788081278446581, 8.788081278446581, 8.788081278446581, 8.788081278446581, 8.788081278446581, 8.788081278446581, 8.788081278446581], "returnOnEquity": [0.3493027175439709, 0.3484068239768157, 0.28172964351758556, 0.24106815649101282, 0.21475806874880524, 0.19411259546116835, 0.18844372222719474, 0.18393535965220476, 0.18028245994051845, 0.17727207600759123, 0.17475103006917034, 0.17502570473401574], "dividendpayout": [26.228798645251555, 28.056931572794273, 29.88506450033699, 31.71319742787971, 33.541330355422424, 35.36946328296514, 44.43729609200948, 53.50512890105382, 62.57296171009816, 71.6407945191425, 80.70862732818685, 80.70862732818685], "dividendPaid": [0.0, 21575293240.224075, 23240956383.1809, 25271742353.508556, 27731188377.149784, 30203881455.784264, 41460868550.03691, 53828940468.127686, 66978190565.089005, 80491757646.53833, 93884213664.67657, 97201768828.5203], "retainedEarning": [0.0, 55322970506.99483, 54526840915.42902, 54416666268.73796, 54946475517.79663, 55191481244.930626, 51841092181.75528, 46776256778.79921, 40061957023.57774, 31862883569.830154, 22440666057.18216, 23233644393.49759], "equityCost": [0.0, 19396525712.910587, 24258353326.716324, 29050216424.93349, 33832397285.651207, 38661138213.79693, 43511410444.38003, 48067247760.9471, 52177983225.68285, 55698660570.6512, 58498796676.42468, 60470900648.95462], "excessEquity": [0.0, 57501738034.30832, 53509443971.8936, 50638192197.313034, 48845266609.295204, 46734224486.91796, 49790550287.41216, 52537949485.9798, 54862164362.983894, 56655980645.717285, 57826083045.43405, 59964512573.06326], "cumulatedDiscount": [0.0, 1.087880812784466, 1.18348466282459, 1.2874902569115647, 1.400635947141034, 1.523724972590928, 1.6576311616422068, 1.8033051354241822, 1.9617810564236609, 2.1341839701673404, 2.3217377920972244, 2.5257739963391397], "presentValue": [0.0, 52856652455.45674, 45213466344.535545, 39330932351.11858, 34873634872.07204, 30671036655.29056, 30037170776.932617, 29134253795.390854, 27965487883.2391, 26546905720.257526, 24906379713.619507, 23741044392.719185], "Price Target USD": [141.22052819308124, 153.6311029925408, 167.13232919249927, 181.82005412449703, 197.79854826147343, 215.1812454502791, 234.0915481964233, 254.66370371789895, 277.0437569873303, 301.39058752823894, 327.8770373258083, 356.69113785936304], "Price Target Local": [141.22052819308124, 153.6311029925408, 167.13232919249927, 181.82005412449703, 197.79854826147343, 215.1812454502791, 234.0915481964233, 254.66370371789895, 277.0437569873303, 301.39058752823894, 327.8770373258083, 356.69113785936304], "Equity Invested": 220714000000.0, "PV of Equity Excess Return": 341535920567.913, "Terminal  Value of Excess Equity Return": 491537660808.8592, "Value of Equity": 1053787581376.7722, "Number of shares": 7462000000, "Estimated Value/Share": 141.22052819308124, "Estimated Value/Share (Local Currency)": 141.22052819308124, "Current price": 329.25, "Valuation": 57.10841968319477}, "2024Q2": {"Date": ["2023", "2024", "2025", "2026", "2027", "2028", "2029", "2030", "2031", "2032", "2033", "Terminal"], "revenueGrowth": [0.0, 5.299623531703197, 7.096449413056736, 8.893275294410275, 10.690101175763814, 10.690101175763814, 9.258814274011051, 7.827527372258288, 6.396240470505525, 4.964953568752762, 3.533666666999999, 3.533666667], "revenue": [227583000000.0, 239644042222.15607, 256650260449.8557, 279474874655.48236, 309351021516.9925, 342420958705.41785, 374125079307.24054, 403409822296.49786, 429212884612.2209, 450523105044.3221, 466443089834.4066, 482925633820.40985], "netMargin": [36.268526208020816, 34.214423331299194, 32.16032045457757, 30.10621757785595, 28.05211470113433, 25.998011824412703, 25.998011824412703, 25.998011824412703, 25.998011824412703, 25.998011824412703, 25.998011824412703, 25.998011824412703], "netIncome": [82541000000.0, 81992827094.12585, 82539546208.18156, 84139313839.21971, 86779503385.07747, 89022641333.50188, 97265082356.3898, 104878533301.4858, 111586816493.38805, 117127050121.13412, 121265929649.30501, 125551063383.75015], "netGrowth": [0.0, -0.6641219586316442, 0.6667889539021371, 1.9381832158408125, 3.1378786269910015, 2.5848706905715435, 9.25881427401104, 7.827527372258302, 6.396240470505528, 4.964953568752774, 3.5336666669999857, 3.5336666669999865], "bvEquity": [0.0, 238268000000.0, 297985597034.27484, 356408875494.9394, 414239191295.00085, 472104701153.81384, 529640512047.33704, 583683621762.881, 632446760631.8721, 674210401167.3348, 707426701984.8541, 730820564397.4403], "costOfEquity": [0.0, 8.478661689136903, 8.478661689136903, 8.478661689136903, 8.478661689136903, 8.478661689136903, 8.478661689136903, 8.478661689136903, 8.478661689136903, 8.478661689136903, 8.478661689136903, 8.478661689136903], "returnOnEquity": [0.3464208370406433, 0.34412018019258084, 0.2769917305724267, 0.23607524846954714, 0.20949129200881758, 0.1885654625254365, 0.18364358492972807, 0.17968387220584417, 0.1764366954491199, 0.17372477481560525, 0.17141836646689268, 0.17179465042457676], "dividendpayout": [25.11674811839571, 27.167291151309595, 29.21783418422348, 31.268377217137367, 33.31892025005126, 35.36946328296514, 44.43729609200949, 53.50512890105384, 62.572961710098184, 71.64079451914253, 80.70862732818688, 80.70862732818686], "dividendPaid": [0.0, 22275230059.851032, 24116267747.517006, 26308998039.158283, 28913993526.26449, 31486830439.978695, 43221972640.84582, 56115394432.494644, 69823175957.92523, 83910749303.61479, 97872067236.71886, 101330539852.96658], "retainedEarning": [0.0, 59717597034.274826, 58423278460.66456, 57830315800.06143, 57865509858.81298, 57535810893.52318, 54043109715.54398, 48763138868.99115, 41763640535.462814, 33216300817.519333, 23393862412.58615, 24220523530.78357], "equityCost": [0.0, 20201937633.472717, 25265190654.890934, 30218702783.27307, 35121939613.719765, 40028160429.34268, 44906427185.10609, 49488559624.17614, 53623021197.88191, 57164018987.95104, 59980316759.91452, 61963803209.89986], "excessEquity": [0.0, 61790889460.65314, 57274355553.290634, 53920611055.94664, 51657563771.357704, 48994480904.159195, 52358655171.283714, 55389973677.309654, 57963795295.506134, 59963031133.18308, 61285612889.39049, 63587260173.850296], "cumulatedDiscount": [0.0, 1.0847866168913691, 1.176762004186622, 1.276535673407913, 1.3847688144973156, 1.5021786774552148, 1.6295433254829936, 1.7677067911286077, 1.9175846696043004, 2.080170186342803, 2.256540779001098, 2.447865237530016], "presentValue": [0.0, 56961330918.44817, 48671146204.179726, 42239799622.67492, 37304106815.91634, 32615614666.531498, 32130876394.933964, 31334367189.903393, 30227502448.414516, 28826021797.094173, 27159098324.17022, 25976617993.077156], "Price Target USD": [157.41678363194723, 170.76362015802067, 185.24208979934204, 200.94813989931546, 217.98585285199198, 236.46813584549218, 256.51746908644014, 278.2667174638158, 301.86001103103916, 327.45370014115235, 355.2173915646815, 385.3350724564276], "Price Target Local": [157.41678363194723, 170.76362015802067, 185.24208979934204, 200.94813989931546, 217.98585285199198, 236.46813584549218, 256.51746908644014, 278.2667174638158, 301.86001103103916, 327.45370014115235, 355.2173915646815, 385.3350724564276], "Equity Invested": 238268000000.0, "PV of Equity Excess Return": 367469864382.2669, "Terminal  Value of Excess Equity Return": 569850675781.1149, "Value of Equity": 1175588540163.3818, "Number of shares": 7468000000, "Estimated Value/Share": 157.41678363194723, "Estimated Value/Share (Local Currency)": 157.41678363194723, "Current price": 407.84, "Valuation": 61.40231864654099}, "2022Q1": {"Date": ["2021", "2022", "2023", "2024", "2025", "2026", "2027", "2028", "2029", "2030", "2031", "Terminal"], "revenueGrowth": [0.0, 4.155215791792767, 6.333510919783116, 8.511806047773465, 10.690101175763814, 10.690101175763814, 8.932080940611051, 7.174060705458288, 5.416040470305525, 3.658020235152762, 1.8999999999999995, 1.9], "revenue": [176251000000.0, 183574609385.19266, 195201327316.55304, 211816485700.41748, 234459882328.73938, 259523880966.2584, 282704764074.37964, 302986175466.2983, 319396029348.9839, 331079600732.8442, 337370113146.7682, 343780145296.55676], "netMargin": [38.514958780375714, 36.01156938918311, 33.50817999799051, 31.004790606797908, 28.501401215605306, 25.998011824412703, 25.998011824412703, 25.998011824412703, 25.998011824412703, 25.998011824412703, 25.998011824412703, 25.998011824412703], "netIncome": [67883000000.0, 66108097839.670494, 65408412115.69721, 65673257862.09247, 66824351752.15009, 67471049260.78261, 73497617992.23526, 78770381724.06404, 83036617476.8535, 86074113746.7432, 87709521907.9313, 89376002824.182], "netGrowth": [0.0, -2.6146489700359528, -1.0583963944480805, 0.40491083306958364, 1.7527589273472797, 0.9677572496791296, 8.932080940611044, 7.174060705458276, 5.416040470305529, 3.65802023515276, 1.899999999999988, 1.9000000000000083], "bvEquity": [0.0, 151978000000.0, 200260697834.01202, 246657906411.87424, 291862950024.90906, 336456108147.74274, 380063009413.6015, 419589268547.80554, 453403341983.66296, 480038022216.8856, 498306611288.1981, 507404442927.5221], "costOfEquity": [0.0, 7.176726935714756, 7.176726935714756, 7.176726935714756, 7.176726935714756, 7.176726935714756, 7.176726935714756, 7.176726935714756, 7.176726935714756, 7.176726935714756, 7.176726935714756, 7.176726935714756], "returnOnEquity": [0.44666333285080734, 0.43498465461889546, 0.32661631974293626, 0.2662523931117374, 0.22895798095115177, 0.2005344757514555, 0.19338271858036013, 0.187732117164692, 0.18314072656272012, 0.17930686687950337, 0.17601516801310121, 0.17614351641960005], "dividendpayout": [24.862657822674084, 26.964018914732296, 29.06538000679051, 31.16674109884872, 33.26810219090693, 35.36946328296514, 46.22103380495974, 57.072604326954334, 67.92417484894892, 78.77574537094351, 89.6273158929381, 89.62731589293811], "dividendPaid": [0.0, 17825400005.658485, 19011203537.835, 20468214249.05767, 22231193629.3164, 23864147994.92383, 33971358858.03123, 44956308288.20662, 56401937243.63085, 67805524675.4307, 78611690268.60733, 80105312383.71089], "retainedEarning": [0.0, 48282697834.01201, 46397208577.86221, 45205043613.0348, 44593158122.833694, 43606901265.85878, 39526259134.204025, 33814073435.85742, 26634680233.22265, 18268589071.312492, 9097831639.323975, 9270690440.471115], "equityCost": [0.0, 10907046062.36057, 14372163443.103878, 17701964408.53107, 20946206949.809345, 24146536140.296623, 27276084369.274048, 30112776055.23888, 32539519771.57243, 34451018042.11161, 35762104794.76754, 36415031328.59288], "excessEquity": [0.0, 55201051777.30992, 51036248672.59334, 47971293453.5614, 45878144802.340744, 43324513120.485985, 46221533622.96121, 48657605668.825165, 50497097705.28107, 51623095704.631584, 51947417113.163765, 52960971495.58913], "cumulatedDiscount": [0.0, 1.0717672693571476, 1.1486850796652766, 1.231123071184151, 1.3194774122456228, 1.4141727031009266, 1.5156640164018964, 1.6244390841219476, 1.7410206414264056, 1.8659689387560083, 1.9998844341957818, 2.1434106790678773], "presentValue": [0.0, 51504700092.60484, 44430148502.899635, 38965473539.06738, 34769935715.8836, 30635942148.710815, 30495896928.85143, 29953481262.811337, 29004307303.277668, 27665570756.524662, 25975209479.568504, 24708737346.881516], "Price Target USD": [131.78843706261844, 141.2465333234489, 151.38341132623617, 162.24778538309005, 173.89186589927894, 186.3716102782895, 199.74699183365684, 214.08228799986284, 229.44638922734345, 245.91313004604714, 263.5616438885211, 282.4767433776812], "Price Target Local": [131.78843706261844, 141.2465333234489, 151.38341132623617, 162.24778538309005, 173.89186589927894, 186.3716102782895, 199.74699183365684, 214.08228799986284, 229.44638922734345, 245.91313004604714, 263.5616438885211, 282.4767433776812], "Equity Invested": 151978000000.0, "PV of Equity Excess Return": 343400665730.1999, "Terminal  Value of Excess Equity Return": 501864437522.6339, "Value of Equity": 997243103252.8337, "Number of shares": 7567000000, "Estimated Value/Share": 131.78843706261844, "Estimated Value/Share (Local Currency)": 131.78843706261844, "Current price": 303.41, "Valuation": 56.56424077564404}, "2022Q2": {"Date": ["2021", "2022", "2023", "2024", "2025", "2026", "2027", "2028", "2029", "2030", "2031", "Terminal"], "revenueGrowth": [0.0, 4.155215791792767, 6.333510919783116, 8.511806047773465, 10.690101175763814, 10.690101175763814, 9.135480940611052, 7.580860705458289, 6.026240470305526, 4.471620235152763, 2.917, 2.917], "revenue": [184903000000.0, 192586118655.49857, 204783581510.53104, 222214362786.3915, 245969302995.3356, 272263670346.85803, 297136266059.60333, 319661752494.9818, 338925338391.9223, 354080792405.5155, 364409329119.9844, 375039149250.4143], "netMargin": [38.49856411199386, 35.99845365447763, 33.4983431969614, 30.998232739445168, 28.498122281928936, 25.998011824412703, 25.998011824412703, 25.998011824412703, 25.998011824412703, 25.998011824412703, 25.998011824412703, 25.998011824412703], "netIncome": [71185000000.0, 69328024669.15695, 68599106945.42688, 68882525357.00067, 70096632743.61903, 70783141210.35617, 77249521584.79407, 83105700211.77025, 88113849551.06273, 92053966277.56012, 94739180473.87654, 97502722368.29951], "netGrowth": [0.0, -2.6086609971806536, -1.0514041431420693, 0.413151751085129, 1.7625767643186012, 0.9793743862819578, 9.135480940611055, 7.580860705458299, 6.026240470305522, 4.471620235152772, 2.9169999999999923, 2.9169999999999945], "bvEquity": [0.0, 160010000000.0, 210948828857.72043, 259835263533.68268, 307400585372.42114, 354254348928.47675, 400001872997.9066, 442403663652.46826, 479924426244.55914, 511122980259.387, 534749502593.5252, 549836527376.4098], "costOfEquity": [0.0, 7.513126795301174, 7.513126795301174, 7.513126795301174, 7.513126795301174, 7.513126795301174, 7.513126795301174, 7.513126795301174, 7.513126795301174, 7.513126795301174, 7.513126795301174, 7.513126795301174], "returnOnEquity": [0.44487844509718144, 0.43327307461506753, 0.3251931158702721, 0.26510075815044776, 0.228030251337016, 0.19980881370816184, 0.1931228996650182, 0.18785038877312332, 0.18359942676925098, 0.18010140383600862, 0.17716553267351023, 0.17733038369338933], "dividendpayout": [24.313771071937293, 26.524909514142863, 28.736047956348433, 30.947186398554003, 33.158324840759576, 35.36946328296514, 45.11061067476166, 54.851758066558176, 64.59290545835469, 74.33405285015121, 84.07520024194773, 84.07520024194771], "dividendPaid": [0.0, 18389195811.436523, 19712672269.464615, 21317203518.262226, 23242869187.563442, 25035617140.926292, 34847730930.23242, 45584937619.679344, 56915295536.23483, 68427443943.42191, 79652155690.99194, 81975609072.49815], "retainedEarning": [0.0, 50938828857.72043, 48886434675.962265, 47565321838.73845, 46853763556.05559, 45747524069.42988, 42401790654.561646, 37520762592.090904, 31198554014.827896, 23626522334.138206, 15087024782.884598, 15527113295.801361], "equityCost": [0.0, 12021754185.16141, 15848852985.28341, 19521752808.190533, 23095395748.528034, 26615578412.865105, 30052647901.912292, 33238348197.267673, 36057330665.3754, 38401317586.80994, 40176408167.09389, 41309915468.67052], "excessEquity": [0.0, 57306270483.995544, 52750253960.14347, 49360772548.810135, 47001236995.091, 44167562797.491066, 47196873682.881775, 49867352014.50258, 52056518885.68733, 53652648690.75018, 54562772306.78265, 56192806899.629], "cumulatedDiscount": [0.0, 1.0751312679530118, 1.1559072433302509, 1.2427520201577231, 1.3361215551833399, 1.4365060617636143, 1.5444325836061021, 1.6604677618803745, 1.7852208102255467, 1.919346713273895, 2.0635496654836087, 2.2185867683354057], "presentValue": [0.0, 53301649940.01466, 45635369329.60662, 39718923605.16585, 35177366020.8944, 30746520305.84964, 30559361531.133717, 30032110926.400017, 29159708752.84075, 27953599169.809727, 26441220785.444702, 25328198879.411045], "Price Target USD": [145.75989048941685, 156.71101587857888, 168.4849132037411, 181.1433983636913, 194.75293156407295, 209.38496625004788, 225.11632425471257, 242.02959913289047, 260.2135897979037, 279.7637667380251, 300.78277326036357, 323.3809643938379], "Price Target Local": [145.75989048941685, 156.71101587857888, 168.4849132037411, 181.1433983636913, 194.75293156407295, 209.38496625004788, 225.11632425471257, 242.02959913289047, 260.2135897979037, 279.7637667380251, 300.78277326036357, 323.3809643938379], "Equity Invested": 160010000000.0, "PV of Equity Excess Return": 348725830367.1601, "Terminal  Value of Excess Equity Return": 592480142280.384, "Value of Equity": 1101215972647.5442, "Number of shares": 7555000000, "Estimated Value/Share": 145.75989048941685, "Estimated Value/Share (Local Currency)": 145.75989048941685, "Current price": 282.78, "Valuation": 48.454667766667775}, "2022Q3": {"Date": ["2021", "2022", "2023", "2024", "2025", "2026", "2027", "2028", "2029", "2030", "2031", "Terminal"], "revenueGrowth": [0.0, 4.155215791792767, 6.333510919783116, 8.511806047773465, 10.690101175763814, 10.690101175763814, 9.170847607211051, 7.651594038658288, 6.132340470105525, 4.613086901552762, 3.093833332999999, 3.093833333], "revenue": [192557000000.0, 200558158872.2024, 213260531764.8893, 231412854605.167, 256151122896.18256, 283533937096.6396, 309536402382.49805, 333220871294.6746, 353655109639.91626, 369969527179.38727, 381415767733.2056, 393216135892.6534], "netMargin": [37.628338621810684, 35.302273262331084, 32.976207902851485, 30.65014254337189, 28.324077183892292, 25.998011824412703, 25.998011824412703, 25.998011824412703, 25.998011824412703, 25.998011824412703, 25.998011824412703, 25.998011824412703], "netIncome": [72456000000.0, 70801589294.96501, 70325236329.51653, 70928369800.16962, 72552441756.52155, 73713186492.60724, 80473310492.26353, 86630801520.60054, 91943297221.82513, 96184721422.82088, 99160516395.4533, 102228377504.87076], "netGrowth": [0.0, -2.2833315460900248, -0.672799820162175, 0.8576344739561828, 2.289735349800814, 1.5998699809181227, 9.170847607211059, 7.651594038658281, 6.132340470105542, 4.613086901552766, 3.093833332999991, 3.093833333000001], "bvEquity": [0.0, 162924000000.0, 214858452430.23822, 264910124997.82465, 313844542337.53406, 362317501587.68896, 409958729649.08984, 454285414208.63525, 493732227249.2788, 526819242895.72943, 552248806905.7471, 568997203838.5511], "costOfEquity": [0.0, 8.222121325558598, 8.222121325558598, 8.222121325558598, 8.222121325558598, 8.222121325558598, 8.222121325558598, 8.222121325558598, 8.222121325558598, 8.222121325558598, 8.222121325558598, 8.222121325558598], "returnOnEquity": [0.444722692789276, 0.4345681992521974, 0.3273096102763294, 0.2677450316432868, 0.231173182799823, 0.2034491465899198, 0.19629612610309785, 0.19069685887122595, 0.18622097596113407, 0.1825763252194989, 0.17955768334032296, 0.1796641122578826], "dividendpayout": [24.46750944583788, 26.647900213263334, 28.828290980688788, 31.008681748114242, 33.18907251553969, 35.36946328296514, 44.917533169202926, 54.46560305544071, 64.0136729416785, 73.56174282791628, 83.10981271415406, 83.10981271415405], "dividendPaid": [0.0, 18867136864.72681, 20273563761.930088, 21993952460.46017, 24079482506.366634, 26071958431.206337, 36146625932.71813, 47183988479.956985, 58856281575.374504, 70755157412.80319, 82412119462.64926, 84961813085.01646], "retainedEarning": [0.0, 51934452430.238205, 50051672567.58644, 48934417339.70944, 48472959250.15491, 47641228061.4009, 44326684559.5454, 39446813040.643555, 33087015646.45063, 25429564010.017685, 16748396932.804031, 17266564419.854294], "equityCost": [0.0, 13395808948.45309, 17665922637.03179, 21781231881.01008, 25804679044.636173, 29790184564.272488, 33707304136.466938, 37351897920.55041, 40595262747.8184, 43315717317.27612, 45406566922.74036, 46783640438.64164], "excessEquity": [0.0, 57405780346.51192, 52659313692.48473, 49147137919.15954, 46747762711.885376, 43923001928.33475, 46766006355.7966, 49278903600.05013, 51348034474.00674, 52869004105.544754, 53753949472.71294, 55444737066.22912], "cumulatedDiscount": [0.0, 1.082221213255586, 1.1712027544203925, 1.2675004658571212, 1.3717158919619141, 1.484500036840991, 1.6065574309480195, 1.738650532085343, 1.8816044882608698, 2.0363122921528345, 2.203740359380904, 2.384934565429503], "presentValue": [0.0, 53044405010.15619, 44961739966.659225, 38774848012.323845, 34079770443.589302, 29587740544.488422, 29109451959.149864, 28343190704.888153, 27289494043.175205, 25963111998.725143, 24392142769.402298, 23247907036.91448], "Price Target USD": [131.28083915218969, 142.07490902449416, 153.75648041766507, 166.39852478351423, 180.08001337515446, 194.88641055794182, 210.91020768104204, 228.25150084456493, 247.01861617141347, 267.328786489743, 289.30888365307317, 313.096211072648], "Price Target Local": [131.28083915218969, 142.07490902449416, 153.75648041766507, 166.39852478351423, 180.08001337515446, 194.88641055794182, 210.91020768104204, 228.25150084456493, 247.01861617141347, 267.328786489743, 289.30888365307317, 313.096211072648], "Equity Invested": 162924000000.0, "PV of Equity Excess Return": 335545895452.5577, "Terminal  Value of Excess Equity Return": 490599946720.0394, "Value of Equity": 989069842172.5972, "Number of shares": 7534000000, "Estimated Value/Share": 131.28083915218969, "Estimated Value/Share (Local Currency)": 131.28083915218969, "Current price": 265.42, "Valuation": 50.538452583757945}, "2022Q4": {"Date": ["2021", "2022", "2024", "2025", "2026", "2027", "2028", "2029", "2030", "2031", "2032", "Terminal"], "revenueGrowth": [0.0, 5.081859105508567, 6.9512731289269825, 8.820687152345398, 10.690101175763814, 10.690101175763814, 9.321914274011052, 7.953727372258289, 6.585540470505526, 5.217353568752763, 3.8491666670000004, 3.849166667], "revenue": [198270000000.0, 208345802048.49182, 222828487801.53604, 242483491596.81168, 268405222183.03558, 297098011995.4357, 324793233983.44135, 350626402338.0252, 373717045964.2734, 393215185598.9278, 408350693452.58386, 424068792229.424], "netMargin": [36.68633681343622, 34.548671815631515, 32.41100681782681, 30.273341820022107, 28.135676822217405, 25.998011824412703, 25.998011824412703, 25.998011824412703, 25.998011824412703, 25.998011824412703, 25.998011824412703, 25.998011824412703], "netIncome": [72738000000.0, 71980707391.37872, 72220956373.41623, 73407856268.22739, 75517625887.37347, 77239576288.66846, 84439783375.9075, 91155893539.35265, 97159001799.63765, 102228130447.3956, 106163061568.87402, 110249454747.4498], "netGrowth": [0.0, -1.0411237710980186, 0.3337685759757915, 1.6434286589536808, 2.8740379114697627, 2.280196683967646, 9.321914274011057, 7.953727372258272, 6.58554047050553, 5.217353568752756, 3.8491666669999947, 3.8491666669999898], "bvEquity": [0.0, 166542000000.0, 219063219292.8457, 270254806188.34775, 320758026091.56665, 371139100349.9278, 421059453063.2578, 468267359987.5861, 511278207022.3713, 548646030515.8138, 579045747342.5569, 601354623962.8826], "costOfEquity": [0.0, 10.356024479008532, 10.356024479008532, 10.356024479008532, 10.356024479008532, 10.356024479008532, 10.356024479008532, 10.356024479008532, 10.356024479008532, 10.356024479008532, 10.356024479008532, 10.356024479008532], "returnOnEquity": [0.4367546925099975, 0.43220753558488983, 0.32968088667075873, 0.2716246097657464, 0.23543487534062668, 0.20811489874239408, 0.20054123654414593, 0.1946663409163714, 0.19003157276247137, 0.1863280234640266, 0.1833414061947495, 0.1833351742120382], "dividendpayout": [24.950522586020398, 27.034310725409348, 29.1180988647983, 31.20188700418725, 33.2856751435762, 35.36946328296514, 44.09281379350654, 52.81616430404793, 61.539514814589324, 70.26286532513072, 78.98621583567211, 78.9862158356721], "dividendPaid": [0.0, 19459488098.53302, 21029369477.914185, 22904636365.008495, 25136551629.012337, 27319223575.33844, 37231876451.57918, 48145046504.567505, 59791178306.19512, 71828413620.65253, 83854184948.54831, 87081872284.47234], "retainedEarning": [0.0, 52521219292.8457, 51191586895.502045, 50503219903.21889, 50381074258.36114, 49920352713.33002, 47207906924.32832, 43010847034.78514, 37367823493.44253, 30399716826.743073, 22308876620.325714, 23167582462.977463], "equityCost": [0.0, 17247130287.83039, 22686240614.471245, 27987653884.56236, 33217779700.42722, 38435256083.41057, 43605020030.41042, 48493882427.52142, 52948096275.07269, 56817917223.3263, 59966119339.453094, 62276432063.24583], "excessEquity": [0.0, 54733577103.54833, 49534715758.944984, 45420202383.66502, 42299846186.94626, 38804320205.25789, 40834763345.49708, 42662011111.83122, 44210905524.56496, 45410213224.0693, 46196942229.42093, 47973022684.20397], "cumulatedDiscount": [0.0, 1.1035602447900854, 1.2178452138811533, 1.3439655623471194, 1.4831469649732318, 1.636742027725532, 1.8062434327750088, 1.9932984448236728, 2.199724919709309, 2.427528970865256, 2.6789244653230857, 2.956354538726093], "presentValue": [0.0, 49597271523.639854, 40674065303.49017, 33795659394.97927, 28520333578.47966, 23708268956.215164, 22607563634.299774, 21402721314.823032, 20098379178.43263, 18706352743.499294, 17244585589.257908, 16227087129.027416], "Price Target USD": [95.67118180684984, 105.57891281412398, 116.51269086982575, 128.57877365745645, 141.89442293223163, 156.58904410544145, 172.80544384444644, 190.7012179100367, 210.4502827185675, 232.24456551304505, 256.295869568743, 282.83793255996983], "Price Target Local": [95.67118180684984, 105.57891281412398, 116.51269086982575, 128.57877365745645, 141.89442293223163, 156.58904410544145, 172.80544384444644, 190.7012179100367, 210.4502827185675, 232.24456551304505, 256.295869568743, 282.83793255996983], "Equity Invested": 166542000000.0, "PV of Equity Excess Return": 276355201217.11676, "Terminal  Value of Excess Equity Return": 275210689425.0982, "Value of Equity": 718107890642.215, "Number of shares": 7506000000, "Estimated Value/Share": 95.67118180684984, "Estimated Value/Share (Local Currency)": 95.67118180684984, "Current price": 272.13, "Valuation": 64.84357409809654}, "2017Q1": {"Date": ["2016", "2017", "2018", "2019", "2020", "2021", "2022", "2023", "2024", "2025", "2026", "Terminal"], "revenueGrowth": [0.0, 1.7491720092096608, 4.729481731394379, 7.709791453579097, 10.690101175763814, 10.690101175763814, 9.040914274011051, 7.391727372258289, 5.742540470505526, 4.093353568752764, 2.444166667000001, 2.444166667], "revenue": [86869000000.0, 88388488232.68033, 92568805636.30061, 99705667501.92838, 110364304235.85518, 122162360020.59589, 133206954265.16672, 143053249165.3366, 151268139893.02917, 157460079695.7264, 161308666477.481, 165251319134.5058], "netMargin": [19.070094049660984, 18.991091095795955, 18.912088141930926, 18.833085188065898, 18.75408223420087, 18.675079280335847, 18.675079280335847, 18.675079280335847, 18.675079280335847, 18.675079280335847, 18.675079280335847, 18.675079280335847], "netIncome": [16566000000.0, 16785938318.46521, 17506694113.869896, 18777653297.967907, 20697812373.595913, 22813917584.575584, 24876504315.940598, 26715307694.72299, 28249445050.912533, 29405794718.056915, 30124521350.722107, 30860814860.169758], "netGrowth": [0.0, 1.3276489102089217, 4.293807005187345, 7.259846866754116, 10.225767006976335, 10.223810965062064, 9.04091427401106, 7.391727372258268, 5.742540470505527, 4.093353568752776, 2.4441666669999926, 2.44416666700001], "bvEquity": [0.0, 70372000000.0, 75670551103.32245, 81196611765.09279, 87123855968.6716, 93657206354.44289, 100858514133.34059, 107804288749.64607, 114289865668.71764, 120118359073.91257, 125113771018.95737, 129133423641.89444], "costOfEquity": [0.0, 9.800479165296812, 9.800479165296812, 9.800479165296812, 9.800479165296812, 9.800479165296812, 9.800479165296812, 9.800479165296812, 9.800479165296812, 9.800479165296812, 9.800479165296812, 9.800479165296812], "returnOnEquity": [0.23540612743704883, 0.23853149432253182, 0.2313541246708488, 0.2312615377633356, 0.23756768044149157, 0.24358955890950876, 0.24664753917604287, 0.24781303234386115, 0.24717366571063099, 0.24480683006968662, 0.24077702322758388, 0.23898394381419977], "dividendpayout": [68.43458493175902, 68.43458493175902, 68.43458493175902, 68.43458493175902, 68.43458493175902, 68.43458493175902, 72.07897649890181, 75.7233680660446, 79.36775963318739, 83.01215120033018, 86.65654276747297, 86.65654276747298], "dividendPaid": [0.0, 11487387215.142757, 11980633452.099552, 12850409094.389097, 14164461987.824623, 15612609805.677885, 17930729699.63512, 20229730775.651424, 22420951645.71761, 24410382773.01211, 26104868727.785027, 26742915227.693665], "retainedEarning": [0.0, 5298551103.322453, 5526060661.770344, 5927244203.57881, 6533350385.77129, 7201307778.897699, 6945774616.305477, 6485576919.071564, 5828493405.194923, 4995411945.044804, 4019652622.9370804, 4117899632.4760933], "equityCost": [0.0, 6896793198.202672, 7416076595.146394, 7957657018.964859, 8538555352.212863, 9178854995.566217, 9884617664.065985, 10565336858.205479, 11200954472.908386, 11772174754.735214, 12261749061.630077, 12655694279.458332], "excessEquity": [0.0, 9889145120.262539, 10090617518.723503, 10819996279.003048, 12159257021.383049, 13635062589.009367, 14991886651.874613, 16149970836.51751, 17048490578.004147, 17633619963.3217, 17862772289.09203, 18205120580.711426], "cumulatedDiscount": [0.0, 1.098004791652968, 1.2056145224928778, 1.323770522583585, 1.45350637684573, 1.5959569664747562, 1.7523683964612176, 1.924108896055645, 2.112680787531201, 2.3197336279424245, 2.5470786388393054, 2.796704550162477], "presentValue": [0.0, 9006468091.432583, 8369688097.202822, 8173619290.060794, 8365465205.436515, 8543502660.43031, 8555214007.596607, 8393480675.456767, 8069600802.270925, 7601571038.551744, 7013043106.212076, 6509490099.572292], "Price Target USD": [31.694317259332635, 34.8005122189166, 38.211129168348094, 41.9560029213167, 46.06789224621166, 50.58276642769302, 55.540119912669816, 60.983317793091885, 66.9599751477106, 73.52237356114989, 80.72791846384207, 88.63964129346871], "Price Target Local": [31.694317259332635, 34.8005122189166, 38.211129168348094, 41.9560029213167, 46.06789224621166, 50.58276642769302, 55.540119912669816, 60.983317793091885, 66.9599751477106, 73.52237356114989, 80.72791846384207, 88.63964129346871], "Equity Invested": 70372000000.0, "PV of Equity Excess Return": 82091652974.65115, "Terminal  Value of Excess Equity Return": 97160789759.8527, "Value of Equity": 249624442734.50385, "Number of shares": 7876000000, "Estimated Value/Share": 31.694317259332635, "Estimated Value/Share (Local Currency)": 31.694317259332635, "Current price": 51.83, "Valuation": 38.84947470705646}, "2017Q2": {"Date": ["2016", "2017", "2018", "2019", "2020", "2021", "2022", "2023", "2024", "2025", "2026", "Terminal"], "revenueGrowth": [0.0, 1.7491720092096608, 4.729481731394379, 7.709791453579097, 10.690101175763814, 10.690101175763814, 9.005080940611052, 7.320060705458289, 5.635040470305526, 3.9500202351527633, 2.2650000000000006, 2.265], "revenue": [88899000000.0, 90453996424.46729, 94732001660.67859, 102035641428.518, 112943354732.56616, 125017113624.77931, 136275005896.30638, 146250419054.2829, 154491689355.98315, 160594142347.17383, 164231599671.3373, 167951445403.8931], "netMargin": [18.861854464054716, 18.824499427310943, 18.78714439056717, 18.7497893538234, 18.712434317079627, 18.675079280335847, 18.675079280335847, 18.675079280335847, 18.675079280335847, 18.675079280335847, 18.675079280335847, 18.675079280335847], "netIncome": [16768000000.0, 17027512038.903704, 17797437936.066177, 19131467833.669685, 21134451069.83769, 23347045083.415085, 25449465390.417564, 27312381706.210735, 28851445468.76003, 29991083402.910114, 30670381441.986027, 31365065581.64701], "netGrowth": [0.0, 1.5476624457520496, 4.521658216440436, 7.495628878694507, 10.469574282444395, 10.469134051629707, 9.005080940611043, 7.32006070545832, 5.63504047030551, 3.950020235152761, 2.2649999999999944, 2.265000000000002], "bvEquity": [0.0, 68809000000.0, 74162889743.32117, 79758864082.12038, 85774291889.50296, 92419509379.58627, 99760423596.72874, 106791381326.86163, 113294919027.1181, 119064121088.89156, 123916912858.38095, 127709407139.90169], "costOfEquity": [0.0, 9.081421137334715, 9.081421137334715, 9.081421137334715, 9.081421137334715, 9.081421137334715, 9.081421137334715, 9.081421137334715, 9.081421137334715, 9.081421137334715, 9.081421137334715, 9.081421137334715], "returnOnEquity": [0.2436890523042044, 0.24746053625112563, 0.23997767613510432, 0.23986635283536348, 0.2463961007928078, 0.25262030971754984, 0.2551058272696837, 0.25575455029104255, 0.2546578938977324, 0.2518901842858203, 0.24750763018957567, 0.24559714342176497], "dividendpayout": [68.55741619157962, 68.55741619157962, 68.55741619157962, 68.55741619157962, 68.55741619157962, 68.55741619157962, 72.37286668984316, 76.18831718810671, 80.00376768637025, 83.8192181846338, 87.63466868289734, 87.63466868289733], "dividendPaid": [0.0, 11673622295.582537, 12201463597.266968, 13116040026.287107, 14489233579.754375, 16006130866.272608, 18418507660.28468, 20808844005.954266, 23082243406.986572, 25138291633.420723, 26877887160.465286, 27486671304.649822], "retainedEarning": [0.0, 5353889743.321167, 5595974338.79921, 6015427807.382578, 6645217490.083313, 7340914217.142477, 7030957730.132885, 6503537700.25647, 5769202061.773457, 4852791769.489391, 3792494281.5207405, 3878394276.9971886], "equityCost": [0.0, 6248835070.388644, 6735044345.208208, 7243238341.651746, 7789524674.052498, 8393004859.818788, 9059664195.207973, 9698175076.66933, 10288788724.054953, 10812714259.548397, 11253416717.053648, 11597829094.367882], "excessEquity": [0.0, 10778676968.51506, 11062393590.85797, 11888229492.01794, 13344926395.78519, 14954040223.596298, 16389801195.20959, 17614206629.541405, 18562656744.70508, 19178369143.361717, 19416964724.93238, 19767236487.27913], "cumulatedDiscount": [0.0, 1.0908142113733472, 1.1898756437340574, 1.2979332619521198, 1.4158040475515377, 1.5443791755891236, 1.68463075248167, 1.8376191657235812, 2.0045011010633167, 2.186538287753388, 2.3851070379933406, 2.6017086526897257], "presentValue": [0.0, 9881313294.355219, 9297100624.853586, 9159353443.28705, 9425687416.887691, 9682881289.753136, 9729016979.575722, 9585341162.136623, 9260487178.010653, 8771110595.58303, 8140919638.251721, 7597790193.318978], "Price Target USD": [36.18488879803197, 39.47099093785751, 43.055517852003575, 46.96557075100435, 51.230712020455954, 55.88318873068872, 60.958176444294146, 66.49404516484007, 72.53264943750875, 79.11964479499557, 86.30483294119244, 94.14253828245532], "Price Target Local": [36.18488879803197, 39.47099093785751, 43.055517852003575, 46.96557075100435, 51.230712020455954, 55.88318873068872, 60.958176444294146, 66.49404516484007, 72.53264943750875, 79.11964479499557, 86.30483294119244, 94.14253828245532], "Equity Invested": 68809000000.0, "PV of Equity Excess Return": 92933211622.69444, "Terminal  Value of Excess Equity Return": 121585467665.89589, "Value of Equity": 283327679288.59033, "Number of shares": 7830000000, "Estimated Value/Share": 36.18488879803197, "Estimated Value/Share (Local Currency)": 36.18488879803197, "Current price": 58.57, "Valuation": 38.219414720792265}, "2017Q3": {"Date": ["2016", "2017", "2018", "2019", "2020", "2021", "2022", "2023", "2024", "2025", "2026", "Terminal"], "revenueGrowth": [0.0, 1.7491720092096608, 4.729481731394379, 7.709791453579097, 10.690101175763814, 10.690101175763814, 8.99911427401105, 7.308127372258288, 5.617140470505525, 3.9261535687527624, 2.2351666669999997, 2.235166667], "revenue": [91580000000.0, 93181891726.0342, 97588912272.18468, 105112813890.18639, 116349480043.73962, 128787357177.89052, 140377078620.80768, 150636014327.8715, 159097450851.83887, 165343861096.25302, 169039571965.40726, 172817888132.01755], "netMargin": [19.450753439615635, 19.29561860775968, 19.14048377590372, 18.985348944047765, 18.830214112191808, 18.675079280335847, 18.675079280335847, 18.675079280335847, 18.675079280335847, 18.675079280335847, 18.675079280335847, 18.675079280335847], "netIncome": [17813000000.0, 17980022438.95113, 18678989920.538425, 19956034501.959393, 21908856210.658047, 24051141056.02035, 26215530723.855217, 28131395100.468067, 29711575079.57427, 30878097144.89363, 31568274079.680172, 32273877619.25639], "netGrowth": [0.0, 0.9376435128901921, 3.8874672373772077, 6.836796779984322, 9.785620026398108, 9.778168356959425, 8.999114274011076, 7.30812737225831, 5.617140470505529, 3.926153568752766, 2.2351666669999997, 2.2351666670000174], "bvEquity": [0.0, 69729000000.0, 75910538035.24806, 82332381336.3824, 89193273013.54433, 96725545480.6561, 104994336230.70695, 112844451207.61446, 120020490439.27824, 126281756613.95056, 131419247196.21213, 135271353838.76414], "costOfEquity": [0.0, 8.6338685130915, 8.6338685130915, 8.6338685130915, 8.6338685130915, 8.6338685130915, 8.6338685130915, 8.6338685130915, 8.6338685130915, 8.6338685130915, 8.6338685130915, 8.6338685130915], "returnOnEquity": [0.2554604253610406, 0.25785573346744006, 0.24606583491563558, 0.24238378846866765, 0.24563350430397488, 0.24865345485004559, 0.24968518936346346, 0.24929356117573845, 0.2475541882126052, 0.24451748196130552, 0.2402104315249042, 0.2385861951062088], "dividendpayout": [65.61996484577992, 65.61996484577992, 65.61996484577992, 65.61996484577992, 65.61996484577992, 65.61996484577992, 70.05547948047388, 74.49099411516784, 78.9265087498618, 83.36202338455576, 87.79753801924971, 87.79753801924974], "dividendPaid": [0.0, 11798484403.703074, 12257146619.404089, 13095142824.797466, 14376583743.546282, 15782350305.969496, 18365415746.947716, 20955355868.804283, 23450308904.901943, 25740606562.63207, 27716167437.12815, 28335669973.05276], "retainedEarning": [0.0, 6181538035.248056, 6421843301.134336, 6860891677.161926, 7532272467.111765, 8268790750.050856, 7850114976.907501, 7176039231.663784, 6261266174.672325, 5137490582.261562, 3852106642.552021, 3938207646.2036285], "equityCost": [0.0, 6020310175.493572, 6554016041.54363, 7108469548.280343, 7700829914.512141, 8351156415.370365, 9065072936.352428, 9742841541.585125, 10362411333.294838, 10903000822.07072, 11346565003.815643, 11679150826.317648], "excessEquity": [0.0, 11959712263.457558, 12124973878.994797, 12847564953.67905, 14208026296.145905, 15699984640.649986, 17150457787.502789, 18388553558.882942, 19349163746.27943, 19975096322.82291, 20221709075.86453, 20594726792.938744], "cumulatedDiscount": [0.0, 1.086338685130915, 1.1801317388119652, 1.2820227614222506, 1.3927109209513524, 1.5129557506337576, 1.6435823608047326, 1.7854871007409783, 1.9396437093371637, 2.1071099968237847, 2.2890351033757566, 2.4866673844197273], "presentValue": [0.0, 11009193014.254381, 10274254543.14191, 10021323599.142824, 10201705237.179075, 10377028299.785679, 10434802779.889631, 10298900255.987108, 9975627819.240906, 9479854565.225817, 8834162938.804453, 8282059322.439136], "Price Target USD": [39.83673313944043, 43.276184298610865, 47.012593148436075, 51.071598625466706, 55.481053298323346, 60.27121448977879, 65.47495190006964, 71.12797315613156, 77.26906883445898, 83.94037863891633, 91.1876805599915, 99.06070499967906], "Price Target Local": [39.83673313944043, 43.276184298610865, 47.012593148436075, 51.071598625466706, 55.481053298323346, 60.27121448977879, 65.47495190006964, 71.12797315613156, 77.26906883445898, 83.94037863891633, 91.1876805599915, 99.06070499967906], "Equity Invested": 69729000000.0, "PV of Equity Excess Return": 100906853052.6518, "Terminal  Value of Excess Equity Return": 140608542965.7963, "Value of Equity": 311244396018.4481, "Number of shares": 7813000000, "Estimated Value/Share": 39.83673313944043, "Estimated Value/Share (Local Currency)": 39.83673313944043, "Current price": 62.6, "Valuation": 36.363046103130294}, "2017Q4": {"Date": ["2016", "2017", "2019", "2020", "2021", "2022", "2023", "2024", "2025", "2026", "2027", "Terminal"], "revenueGrowth": [0.0, 1.3817523457441454, 4.484535289084035, 7.587318232423925, 10.690101175763814, 10.690101175763814, 9.02881427401105, 7.367527372258288, 5.706240470505525, 4.044953568752763, 2.383666667, 2.383666667], "revenue": [96571000000.0, 97905372057.80856, 102295973017.65001, 110057494029.45364, 121822751492.71245, 134845726882.38272, 147020697119.03326, 157852487222.163, 166859929731.7336, 173609336414.23572, 177747604297.14175, 181984514692.1638], "netMargin": [21.95690217560137, 21.72223797560997, 21.48757377561857, 21.25290957562717, 21.01824537563577, 20.78358117564438, 20.78358117564438, 20.78358117564438, 20.78358117564438, 20.78358117564438, 20.78358117564438, 20.78358117564438], "netIncome": [21204000000.0, 21267237909.303524, 21980922671.65441, 23390419687.281055, 25605004832.08929, 28025771108.487724, 30556165930.732533, 32807399819.591915, 34679468945.41802, 36082237362.150215, 36942317626.85961, 37822899338.14833], "netGrowth": [0.0, 0.298235754119619, 3.355794322678265, 6.4123651071493315, 9.467915387651013, 9.454269945556213, 9.028814274011063, 7.3675273722582935, 5.706240470505515, 4.0449535687527645, 2.3836666670000044, 2.383666667000003], "bvEquity": [0.0, 72394000000.0, 81746060329.93834, 91411956569.4822, 101697665366.78383, 112957216370.03415, 125281275719.78934, 136825961454.00546, 147189714772.49243, 155997436758.3681, 162927153171.2155, 167734519445.77017], "costOfEquity": [0.0, 8.34916759831571, 8.34916759831571, 8.34916759831571, 8.34916759831571, 8.34916759831571, 8.34916759831571, 8.34916759831571, 8.34916759831571, 8.34916759831571, 8.34916759831571, 8.34916759831571], "returnOnEquity": [0.2928972014255325, 0.2937707256029992, 0.26889274642638905, 0.25587921498542704, 0.2517757388012991, 0.2481096118434673, 0.24390050113375325, 0.23977467047158474, 0.23561068107932157, 0.23130019384895228, 0.2267413190976091, 0.22549263838548605], "dividendpayout": [56.02597587039166, 56.02597587039166, 56.02597587039166, 56.02597587039166, 56.02597587039166, 56.02597587039166, 62.21814686964764, 68.41031786890362, 74.6024888681596, 80.79465986741558, 86.98683086667155, 86.98683086667157], "dividendPaid": [0.0, 11915177579.365181, 12315026432.110552, 13104710889.979425, 14345453828.838966, 15701711758.73253, 19011480196.516403, 22443646501.10494, 25871746959.542347, 29152520949.302807, 32134951352.304962, 32900941476.14653], "retainedEarning": [0.0, 9352060329.938343, 9665896239.54386, 10285708797.30163, 11259551003.250324, 12324059349.755194, 11544685734.21613, 10363753318.486977, 8807721985.875675, 6929716412.847408, 4807366274.554649, 4921957862.001801], "equityCost": [0.0, 6044296391.124675, 6825115581.966825, 7632137458.885636, 8490908525.047052, 9430987309.12626, 10459943679.153217, 11423828839.801767, 12289115973.83825, 13024487444.032711, 13603061081.429333, 14004436148.756807], "excessEquity": [0.0, 15222941518.178848, 15155807089.687588, 15758282228.39542, 17114096307.042238, 18594783799.361465, 20096222251.579315, 21383570979.790146, 22390352971.579773, 23057749918.117504, 23339256545.43028, 23818463189.391525], "cumulatedDiscount": [0.0, 1.083491675983157, 1.1739542119247905, 1.2719696166058776, 1.378168491695956, 1.493234088854831, 1.6179067055685032, 1.7529884480008058, 1.8993483915035063, 2.0579281719860476, 2.2297480441181174, 2.4159134453417055], "presentValue": [0.0, 14049892450.134052, 12910049587.741966, 12388882582.309477, 12417999983.428627, 12452691736.780468, 12421125508.913609, 12198352478.692614, 11788439167.737825, 11204351168.323397, 10467216960.677338, 9858988630.291204], "Price Target USD": [47.88087798889912, 51.87853273973736, 56.20995838572511, 60.90302201829281, 65.98791739903919, 71.4973592173231, 77.46679356674721, 83.93462599467618, 90.94246859199116, 98.53540771278212, 106.76229404640598, 115.67605690814705], "Price Target Local": [47.88087798889912, 51.87853273973736, 56.20995838572511, 60.90302201829281, 65.98791739903919, 71.4973592173231, 77.46679356674721, 83.93462599467618, 90.94246859199116, 98.53540771278212, 106.76229404640598, 115.67605690814705], "Equity Invested": 72394000000.0, "PV of Equity Excess Return": 122299001624.73936, "Terminal  Value of Excess Equity Return": 179065131956.6072, "Value of Equity": 373758133581.34656, "Number of shares": 7806000000, "Estimated Value/Share": 47.88087798889912, "Estimated Value/Share (Local Currency)": 47.88087798889912, "Current price": 66.63, "Valuation": 28.139159554406234}, "2020Q1": {"Date": ["2019", "2020", "2021", "2022", "2023", "2024", "2025", "2026", "2027", "2028", "2029", "Terminal"], "revenueGrowth": [0.0, 3.6694803481741958, 6.009687290704068, 8.349894233233941, 10.690101175763814, 10.690101175763814, 8.814547607211052, 6.938994038658289, 5.063440470105526, 3.187886901552763, 1.312333333, 1.312333333], "revenue": [129814000000.0, 134577499219.17886, 142665186085.9012, 154577578231.72034, 171102077739.7367, 189393062963.9486, 206087204663.66107, 220387583509.71005, 231546777604.2283, 238928226998.441, 242063761763.28748, 245240445196.0208], "netMargin": [31.656061749888302, 31.242575119731683, 30.829088489575064, 30.415601859418445, 30.002115229261825, 29.588628599105206, 29.588628599105206, 29.588628599105206, 29.588628599105206, 29.588628599105206, 29.588628599105206, 29.588628599105206], "netIncome": [41094000000.0, 42045476287.80827, 43982376462.23942, 47015700758.891136, 51334242523.136955, 56038809992.87222, 60978377578.208496, 65209663563.230934, 68511516058.51122, 70695585704.99571, 71623347441.16197, 72563284503.84274], "netGrowth": [0.0, 2.315365473811927, 4.606679113759447, 6.8966812178872265, 9.18531829695028, 9.164579505804266, 8.814547607211063, 6.9389940386583016, 5.063440470105521, 3.1878869015527522, 1.3123333330000253, 1.3123333329999998], "bvEquity": [0.0, 106061000000.0, 133588789100.57242, 162292230101.34662, 192876413898.70337, 226161931343.7014, 262380115011.93408, 294782387950.5919, 321938361850.82526, 342595182289.15216, 355785318812.16565, 360916724197.2747], "costOfEquity": [0.0, 7.551124065600684, 7.551124065600684, 7.551124065600684, 7.551124065600684, 7.551124065600684, 7.551124065600684, 7.551124065600684, 7.551124065600684, 7.551124065600684, 7.551124065600684, 7.551124065600684], "returnOnEquity": [0.38745627516240655, 0.3964273039836346, 0.3292370322267631, 0.28969779224508313, 0.2661509589767526, 0.2477817980237765, 0.23240472158278824, 0.22121288865520908, 0.21280941999157285, 0.20635312275152853, 0.20131057594024843, 0.20105270728374483], "dividendpayout": [34.318303497938416, 34.528535454943764, 34.73876741194911, 34.94899936895446, 35.15923132595981, 35.36946328296514, 46.86268440464826, 58.355905526331384, 69.8491266480145, 81.34234776969762, 92.83556889138075, 92.83556889138073], "dividendPaid": [0.0, 14517687187.235853, 15278935461.465204, 16431516961.53438, 18048725078.13895, 19820626324.63954, 28576104639.550648, 38053689662.99758, 47854695620.184296, 57505449181.98225, 66491942056.05291, 67364537975.41353], "retainedEarning": [0.0, 27527789100.57242, 28703441000.774216, 30584183797.35676, 33285517444.998005, 36218183668.23268, 32402272938.65785, 27155973900.233353, 20656820438.326927, 13190136523.013466, 5131405385.109062, 5198746528.4292145], "equityCost": [0.0, 8008797695.216742, 10087455202.717867, 12254887643.782822, 14564337306.772572, 17077768024.921532, 19812648008.016907, 22259383837.689518, 24309965118.11828, 25869787257.4247, 26865790830.69956, 27253269617.638058], "excessEquity": [0.0, 34036678592.59153, 33894921259.521553, 34760813115.108315, 36769905216.36438, 38961041967.95069, 41165729570.19159, 42950279725.54141, 44201550940.392944, 44825798447.571014, 44757556610.46242, 45310014886.20468], "cumulatedDiscount": [0.0, 1.0755112406560068, 1.156724428777423, 1.244070125491517, 1.3380114041304554, 1.4390463052682319, 1.5477104771404786, 1.6645800154456563, 1.7902745175831527, 1.9254603675206905, 2.0708542687061486, 2.2272270437539374], "presentValue": [0.0, 31646976159.757195, 29302503185.954254, 27941200743.30596, 27481010328.353924, 27074210069.069687, 26597823157.6287, 25802472291.51215, 24689817403.011726, 23280561471.795303, 21613088514.638233, 20343689258.4762], "Price Target USD": [93.67023522771235, 100.74339090229691, 108.35064933722242, 116.53234129456003, 125.33184296226146, 134.79580591804563, 144.97440445814357, 155.9216016021437, 167.6954351841932, 180.3583255473006, 193.97740647201724, 208.62488109395377], "Price Target Local": [93.67023522771235, 100.74339090229691, 108.35064933722242, 116.53234129456003, 125.33184296226146, 134.79580591804563, 144.97440445814357, 155.9216016021437, 167.6954351841932, 180.3583255473006, 193.97740647201724, 208.62488109395377], "Equity Invested": 106061000000.0, "PV of Equity Excess Return": 265429663325.02716, "Terminal  Value of Excess Equity Return": 350706850280.6351, "Value of Equity": 722197513605.6622, "Number of shares": 7710000000, "Estimated Value/Share": 93.67023522771235, "Estimated Value/Share (Local Currency)": 93.67023522771235, "Current price": 131.56, "Valuation": 28.800368479999733}, "2020Q2": {"Date": ["2019", "2020", "2021", "2022", "2023", "2024", "2025", "2026", "2027", "2028", "2029", "Terminal"], "revenueGrowth": [0.0, 3.6694803481741958, 6.009687290704068, 8.349894233233941, 10.690101175763814, 10.690101175763814, 8.693347607211052, 6.696594038658289, 4.699840470105526, 2.703086901552763, 0.7063333330000001, 0.706333333], "revenue": [134249000000.0, 139175240672.6204, 147539237423.12964, 159858607700.48087, 176947654601.82962, 195863537906.90628, 212890636092.93524, 227147057738.39648, 237822607084.6396, 244251158825.67578, 245976386176.70032, 247713799383.57516], "netMargin": [33.01551594425284, 32.330138475223315, 31.64476100619379, 30.959383537164264, 30.27400606813474, 29.588628599105206, 29.588628599105206, 29.588628599105206, 29.588628599105206, 29.588628599105206, 29.588628599105206, 29.588628599105206], "netIncome": [44323000000.0, 44995548032.683495, 46688439072.9102, 49491239475.16268, 53569143691.58, 57953334792.34213, 62991419635.811226, 67209699288.00919, 70368447934.98328, 72270568233.93977, 72781039347.32462, 73295116088.33861], "netGrowth": [0.0, 1.5173793125092945, 3.7623523087151627, 6.003200059602623, 8.239648591674145, 8.184172451969282, 8.693347607211066, 6.696594038658299, 4.699840470105528, 2.7030869015527466, 0.706333333000022, 0.7063333329999902], "bvEquity": [0.0, 110109000000.0, 140186163277.11328, 171136489559.56955, 203670864985.33435, 238589424342.80014, 276044975664.511, 309100131010.1879, 336199591450.492, 356019476434.4651, 367590702653.61993, 370397205622.7389], "costOfEquity": [0.0, 6.501022774777258, 6.501022774777258, 6.501022774777258, 6.501022774777258, 6.501022774777258, 6.501022774777258, 6.501022774777258, 6.501022774777258, 6.501022774777258, 6.501022774777258, 6.501022774777258], "returnOnEquity": [0.40253748558246827, 0.40864550611379175, 0.33304598671852326, 0.2891916247816668, 0.2630181970083808, 0.24289984751828744, 0.22819259609480208, 0.21743665739757956, 0.20930557241722758, 0.2029961084088137, 0.19799477740302387, 0.19788247582783325], "dividendpayout": [32.60169200230688, 33.15524625843854, 33.70880051457019, 34.26235477070185, 34.8159090268335, 35.36946328296514, 47.524352464530324, 59.679241646095505, 71.83413082766069, 83.98902000922587, 96.14390919079105, 96.14390919079105], "dividendPaid": [0.0, 14918384755.57021, 15738112790.453945, 16956864049.397877, 18650584334.114212, 20497783470.631313, 29936264290.13429, 40110238847.70514, 50548562951.010185, 60699342014.78491, 69974536378.20569, 70468789853.25716], "retainedEarning": [0.0, 30077163277.113285, 30950326282.456257, 32534375425.764805, 34918559357.46579, 37455551321.710815, 33055155345.676937, 27099460440.304054, 19819884983.97309, 11571226219.154861, 2806502969.118927, 2826326235.0814514], "equityCost": [0.0, 7158211167.079492, 9113534401.731567, 11125622162.221922, 13240689318.282427, 15510752814.735394, 17945746736.5782, 20094669913.83866, 21856412008.904583, 23144907245.64733, 23897155297.475582, 24079606694.672806], "excessEquity": [0.0, 37837336865.604004, 37574904671.178635, 38365617312.94076, 40328454373.29758, 42442581977.606735, 45045672899.233025, 47115029374.17053, 48512035926.07869, 49125660988.29244, 48883884049.84903, 49215509393.6658], "cumulatedDiscount": [0.0, 1.0650102277477727, 1.1342467852073626, 1.2079844270358722, 1.2865157697532368, 1.3701524529459959, 1.4592263759611843, 1.5540910149979779, 1.6551228258237636, 1.7627227376811034, 1.8773177443139293, 1.9993625984267127], "presentValue": [0.0, 35527674645.54815, 33127627215.896587, 31760026416.13645, 31347034619.741096, 30976539790.407978, 30869557761.08535, 30316776121.527115, 29310233155.61731, 27869193457.45674, 26039216961.491924, 24615599707.82349], "Price Target USD": [113.07564618186814, 120.42671969287794, 128.25568816702912, 136.593619664715, 145.47360198801076, 154.93087398454017, 165.0029653874366, 175.7298457463317, 187.1540830403817, 199.32101260276247, 212.27891702698471, 226.07921776895952], "Price Target Local": [113.07564618186814, 120.42671969287794, 128.25568816702912, 136.593619664715, 145.47360198801076, 154.93087398454017, 165.0029653874366, 175.7298457463317, 187.1540830403817, 199.32101260276247, 212.27891702698471, 226.07921776895952], "Equity Invested": 110109000000.0, "PV of Equity Excess Return": 307143880144.9087, "Terminal  Value of Excess Equity Return": 452411914639.8391, "Value of Equity": 869664794784.7478, "Number of shares": 7691000000, "Estimated Value/Share": 113.07564618186814, "Estimated Value/Share (Local Currency)": 113.07564618186814, "Current price": 161.63, "Valuation": 30.04043421278962}, "2020Q3": {"Date": ["2019", "2020", "2021", "2022", "2023", "2024", "2025", "2026", "2027", "2028", "2029", "Terminal"], "revenueGrowth": [0.0, 3.6694803481741958, 6.009687290704068, 8.349894233233941, 10.690101175763814, 10.690101175763814, 8.679980940611053, 6.66986070545829, 4.659740470305527, 2.6496202351527645, 0.6395000000000017, 0.6395], "revenue": [138699000000.0, 143788532548.11414, 152429773714.148, 165157498599.23718, 182813002298.85632, 202355897207.05548, 219920350516.83038, 234588731559.2586, 245519957622.50177, 252025304101.00607, 253637005920.732, 255259014573.59506], "netMargin": [33.35712586247918, 32.603426409804385, 31.84972695712959, 31.096027504454796, 30.34232805178, 29.588628599105206, 29.588628599105206, 29.588628599105206, 29.588628599105206, 29.588628599105206, 29.588628599105206, 29.588628599105206], "netIncome": [46266000000.0, 46879988395.06202, 48548466729.32664, 51357421190.08833, 55469720878.827095, 59874334872.98275, 65071415728.27528, 69411588516.42093, 72645988397.60254, 74570831206.21214, 75047711671.77586, 75527641787.91687], "netGrowth": [0.0, 1.3270833766956713, 3.559041696436006, 5.785876774281098, 8.00721608181606, 7.940573567654105, 8.679980940611042, 6.6698607054583, 4.659740470305527, 2.649620235152761, 0.639499999999992, 0.6394999999999997], "bvEquity": [0.0, 114501000000.0, 146057013374.48996, 178410625814.41943, 212291853192.63504, 248514127585.12897, 287211231569.2925, 321310393936.74817, 349196369732.9516, 369498708474.447, 381220563816.1365, 383840649862.55554], "costOfEquity": [0.0, 7.477383564837742, 7.477383564837742, 7.477383564837742, 7.477383564837742, 7.477383564837742, 7.477383564837742, 7.477383564837742, 7.477383564837742, 7.477383564837742, 7.477383564837742, 7.477383564837742], "returnOnEquity": [0.4040663400319648, 0.4094286372613516, 0.3323939440336798, 0.2878607759804043, 0.2612899178401043, 0.24092930029691245, 0.22656292155683394, 0.2160265893237335, 0.20803763926056465, 0.2018162161218194, 0.19686165646607548, 0.1967682209139693], "dividendpayout": [32.01721932739137, 32.687668118506124, 33.358116909620875, 34.028565700735626, 34.69901449185038, 35.36946328296514, 47.59732520674411, 59.82518713052308, 72.05304905430204, 84.280910978081, 96.50877290185996, 96.50877290185997], "dividendPaid": [0.0, 15323975020.57206, 16194854289.397175, 17476193811.872726, 19247446486.333168, 21177230888.819225, 30972253360.819626, 41525612720.21748, 52343649656.10712, 62848975864.5227, 72427625625.35681, 72890800291.23099], "retainedEarning": [0.0, 31556013374.48996, 32353612439.929462, 33881227378.215607, 36222274392.49393, 38697103984.16353, 34099162367.455658, 27885975796.203445, 20302338741.495422, 11721855341.689445, 2620086046.419052, 2636841496.6858826], "equityCost": [0.0, 8561678955.5748625, 10921243113.356976, 13340446812.57156, 15873876140.115559, 18582354532.35033, 21475885425.730343, 24025610588.341812, 26110751959.421757, 27628835699.756023, 28505323784.569565, 28701237667.98911], "excessEquity": [0.0, 38318309439.48716, 37627223615.969666, 38016974377.51677, 39595844738.71153, 41291980340.632416, 43595530302.54494, 45385977928.07912, 46535236438.180786, 46941995506.456116, 46542387887.2063, 46826404119.927765], "cumulatedDiscount": [0.0, 1.0747738356483774, 1.1551387977943253, 1.2415129564116623, 1.334345642169719, 1.4341197839154463, 1.5413544209380263, 1.656607403085146, 1.78047829277732, 1.9136114840169547, 2.056699554617686, 2.21048686909276], "presentValue": [0.0, 35652439767.8242, 32573768353.912796, 30621488226.26629, 29674353846.074337, 28792560289.41787, 28283910377.999813, 27396942596.99404, 26136368315.72472, 24530577862.08405, 22629648449.482903, 21183751314.997185], "Price Target USD": [95.60362270277143, 102.75227227413794, 110.43545379366165, 118.69313626538288, 127.56827732908107, 137.10704673203242, 147.3590665106078, 158.37766913117028, 170.2201749331575, 182.94819031764746, 196.62792823262728, 211.3305526221747], "Price Target Local": [95.60362270277143, 102.75227227413794, 110.43545379366165, 118.69313626538288, 127.56827732908107, 137.10704673203242, 147.3590665106078, 158.37766913117028, 170.2201749331575, 182.94819031764746, 196.62792823262728, 211.3305526221747], "Equity Invested": 114501000000.0, "PV of Equity Excess Return": 286292058085.78107, "Terminal  Value of Excess Equity Return": 332964746157.9897, "Value of Equity": 733757804243.7708, "Number of shares": 7675000000, "Estimated Value/Share": 95.60362270277143, "Estimated Value/Share (Local Currency)": 95.60362270277143, "Current price": 171.13, "Valuation": 44.133920000717914}, "2020Q4": {"Date": ["2019", "2020", "2022", "2023", "2024", "2025", "2026", "2027", "2028", "2029", "2030", "Terminal"], "revenueGrowth": [0.0, 4.085326024988923, 6.2869177419138875, 8.488509458838852, 10.690101175763816, 10.690101175763814, 8.721780940611051, 6.753460705458288, 4.7851404703055245, 2.8168202351527616, 0.8484999999999987, 0.8485], "revenue": [143015000000.0, 148857629014.6379, 158216185703.35153, 171646381592.19458, 189995553448.9378, 210306270342.08167, 228648722545.6873, 244090424176.34262, 255770493847.74518, 262975088873.9986, 265206432503.09448, 267456709082.88327], "netMargin": [30.962486452470024, 30.68771488179706, 30.412943311124096, 30.13817174045113, 29.863400169778167, 29.588628599105206, 29.588628599105206, 29.588628599105206, 29.588628599105206, 29.588628599105206, 29.588628599105206, 29.588628599105206], "netIncome": [44281000000.0, 45681004771.8153, 48118198866.98313, 51731081270.525696, 56739132431.24106, 62226741252.14868, 67654021310.64194, 72223009055.51852, 75678981490.70654, 77810722355.09428, 78470946334.27725, 79136772313.9236], "netGrowth": [0.0, 3.1616376590756756, 5.335246252445732, 7.508349208019892, 9.680932696005236, 9.671647390022654, 8.721780940611048, 6.7534607054582985, 4.785140470305494, 2.8168202351527696, 0.8484999999999912, 0.8485000000000058], "bvEquity": [0.0, 118304000000.0, 148228157169.4071, 179643433198.50537, 213304154795.41168, 250099254404.70807, 290316731257.4923, 325923633863.62616, 355268717041.99164, 376936781026.6444, 389878171060.1958, 393513119774.48346], "costOfEquity": [0.0, 6.765629771347854, 6.765629771347854, 6.765629771347854, 6.765629771347854, 6.765629771347854, 6.765629771347854, 6.765629771347854, 6.765629771347854, 6.765629771347854, 6.765629771347854, 6.765629771347854], "returnOnEquity": [0.37429841763592103, 0.38613237736522266, 0.32462252642046796, 0.2879653341592678, 0.2660010654066339, 0.24880818377592603, 0.23303521301580502, 0.2215948815965223, 0.21301898495544017, 0.20642910501640355, 0.201270427941352, 0.20110326273054305], "dividendpayout": [34.2741540574784, 34.49321590257575, 34.7122777476731, 34.93133959277045, 35.1504014378678, 35.36946328296514, 47.369126156388745, 59.36878902981235, 71.36845190323595, 83.36811477665955, 95.36777765008316, 95.36777765008314], "dividendPaid": [0.0, 15756847602.40818, 16702922837.884874, 18070359673.6194, 19944032821.94467, 22009264399.364452, 32047118704.508106, 42877925877.15306, 54010917506.05374, 64869332321.54289, 74835997619.98961, 75470981059.79521], "retainedEarning": [0.0, 29924157169.40712, 31415276029.09826, 33660721596.906296, 36795099609.29639, 40217476852.784225, 35606902606.133835, 29345083178.365463, 21668063984.6528, 12941390033.551392, 3634948714.2876434, 3665791254.1283875], "equityCost": [0.0, 8004010644.695364, 10028568330.973694, 12154009598.749472, 14431369400.360281, 16920789613.923935, 19641755201.16084, 22050786404.536263, 24036166088.47855, 25502147076.29892, 26377713613.235115, 26623640785.62219], "excessEquity": [0.0, 37676994127.119934, 38089630536.00944, 39577071671.77622, 42307763030.880775, 45305951638.22475, 48012266109.481094, 50172222650.98226, 51642815402.228, 52308575278.795364, 52093232721.04214, 52513131528.30141], "cumulatedDiscount": [0.0, 1.0676562977134785, 1.1398899700472518, 1.2170107052213768, 1.2993491438143245, 1.38725829632198, 1.4811150566234328, 1.5813218178422632, 1.6883081975310184, 1.802532879575283, 1.924485580714162, 2.054689150108256], "presentValue": [0.0, 35289441187.96471, 33415181760.42071, 32519904304.84921, 32560734912.776073, 32658627278.239265, 32416297366.4834, 31728027833.98195, 30588500060.445385, 29019484677.095284, 27068653173.130417, 25557701283.201225], "Price Target USD": [117.21814356836374, 125.14868918704622, 133.6157861611366, 142.65573556887495, 152.307294485058, 162.61184214467355, 173.61355734855076, 185.35960787162037, 197.90035268583634, 211.28955786475169, 225.58462709539856, 240.84684778574888], "Price Target Local": [117.21814356836374, 125.14868918704622, 133.6157861611366, 142.65573556887495, 152.307294485058, 162.61184214467355, 173.61355734855076, 185.35960787162037, 197.90035268583634, 211.28955786475169, 225.58462709539856, 240.84684778574888], "Equity Invested": 118304000000.0, "PV of Equity Excess Return": 317264852555.3864, "Terminal  Value of Excess Equity Return": 461149945742.5963, "Value of Equity": 896718798297.9827, "Number of shares": 7650000000, "Estimated Value/Share": 117.21814356836374, "Estimated Value/Share (Local Currency)": 117.21814356836374, "Current price": 197.21, "Valuation": 40.56176483527015}, "2018Q1": {"Date": ["2017", "2018", "2019", "2020", "2021", "2022", "2023", "2024", "2025", "2026", "2027", "Terminal"], "revenueGrowth": [0.0, 1.3817523457441454, 4.484535289084035, 7.587318232423925, 10.690101175763814, 10.690101175763814, 9.102714274011051, 7.515327372258288, 5.927940470505526, 4.340553568752763, 2.7531666670000003, 2.753166667], "revenue": [99181000000.0, 100551435794.03249, 105060700415.89655, 113031990093.66415, 125115224195.65617, 138490168248.45554, 151096532561.70963, 162451931631.85294, 172081985432.17554, 179551296192.03244, 184494642628.95792, 189574087632.21918], "netMargin": [23.28066867646021, 22.781251176297044, 22.28183367613388, 21.782416175970713, 21.282998675807548, 20.78358117564438, 20.78358117564438, 20.78358117564438, 20.78358117564438, 20.78358117564438, 20.78358117564438, 20.78358117564438], "netIncome": [23090000000.0, 22906875149.61159, 23409450525.65136, 24621098494.183914, 26628271508.79515, 28783216538.20423, 31403270498.54686, 33763329082.10846, 35764799130.95673, 37317189395.99274, 38344593815.50446, 39400284391.02948], "netGrowth": [0.0, -0.7930915997765641, 2.193993605663363, 5.175892391001949, 8.152248020474708, 8.09269587287074, 9.10271427401106, 7.515327372258275, 5.927940470505541, 4.340553568752773, 2.7531666669999884, 2.7531666670000114], "bvEquity": [0.0, 89647000000.0, 100537580571.92259, 111667099785.21278, 123372670936.61877, 136032509280.50052, 149716869839.54968, 162604883260.6564, 174266015064.55902, 184292808358.06616, 192328272459.72678, 198091611856.94955], "costOfEquity": [0.0, 8.559516182835692, 8.559516182835692, 8.559516182835692, 8.559516182835692, 8.559516182835692, 8.559516182835692, 8.559516182835692, 8.559516182835692, 8.559516182835692, 8.559516182835692, 8.559516182835692], "returnOnEquity": [0.2575657858043214, 0.25552305319320884, 0.2328427876668934, 0.22048659400612727, 0.2158360624491554, 0.21159071967755094, 0.2097510489779908, 0.2076403143931765, 0.20523106078776873, 0.20248858177628087, 0.19937055184402885, 0.19889930735422615], "dividendpayout": [52.457153143792034, 52.457153143792034, 52.457153143792034, 52.457153143792034, 52.457153143792034, 52.457153143792034, 58.95964586967747, 65.46213859556292, 71.96463132144837, 78.46712404733381, 84.96961677321926, 84.96961677321923], "dividendPaid": [0.0, 12016294577.688993, 12279931312.361164, 12915527342.777931, 13968433164.913414, 15098855979.15507, 18515257077.44013, 22102197278.205845, 25738005837.449585, 29281725294.33212, 32581254418.281673, 33478270654.61626], "retainedEarning": [0.0, 10890580571.922598, 11129519213.290195, 11705571151.405983, 12659838343.881737, 13684360559.049162, 12888013421.106731, 11661131803.902615, 10026793293.507149, 8035464101.660618, 5763339397.22279, 5922013736.413219], "equityCost": [0.0, 7673349472.426712, 8605530478.885187, 9558163477.018568, 10560103734.01651, 11643724645.781906, 12815039702.351303, 13918191296.77697, 14916327760.633814, 15774572755.21104, 16462369605.358633, 16955683573.735662], "excessEquity": [0.0, 15233525677.18488, 14803920046.766172, 15062935017.165346, 16068167774.77864, 17139491892.422325, 18588230796.195557, 19845137785.33149, 20848471370.32292, 21542616640.781696, 21882224210.14583, 22444600817.293816], "cumulatedDiscount": [0.0, 1.085595161828357, 1.1785168553851366, 1.2793921963392738, 1.388901978426871, 1.5077852680340442, 1.636844392053831, 1.7769503526795172, 1.9290487056780765, 2.094165941815374, 2.2734164145004945, 2.4680098604029075], "presentValue": [0.0, 14032418541.29914, 12561483511.34807, 11773508592.802847, 11568971766.443968, 11367329457.177938, 11356137997.254564, 11168087929.641031, 10807643844.84243, 10286967336.555481, 9625260058.199104, 9094210350.371002], "Price Target USD": [47.98390044649321, 52.09109017036657, 56.549835463314636, 61.390227781164015, 66.64493426277245, 72.34941819603468, 78.54217835471174, 85.26500882133497, 92.56328104969343, 100.48625007050563, 109.08738690681531, 118.42473944253676], "Price Target Local": [47.98390044649321, 52.09109017036657, 56.549835463314636, 61.390227781164015, 66.64493426277245, 72.34941819603468, 78.54217835471174, 85.26500882133497, 92.56328104969343, 100.48625007050563, 109.08738690681531, 118.42473944253676], "Equity Invested": 89647000000.0, "PV of Equity Excess Return": 114547809035.56458, "Terminal  Value of Excess Equity Return": 170031630546.63596, "Value of Equity": 374226439582.20056, "Number of shares": 7799000000, "Estimated Value/Share": 47.98390044649321, "Estimated Value/Share (Local Currency)": 47.98390044649321, "Current price": 73.02, "Valuation": 34.28663318749218}, "2018Q2": {"Date": ["2017", "2018", "2019", "2020", "2021", "2022", "2023", "2024", "2025", "2026", "2027", "Terminal"], "revenueGrowth": [0.0, 1.3817523457441454, 4.484535289084035, 7.587318232423925, 10.690101175763814, 10.690101175763814, 9.134047607211052, 7.577994038658289, 6.021940470105527, 4.465886901552764, 2.9098333330000012, 2.909833333], "revenue": [102273000000.0, 103686159576.5629, 108336001992.66985, 116555799224.13884, 129015732087.41942, 142807644380.21692, 155851762604.6426, 167662199883.96628, 177758717751.84808, 185697221044.29602, 191100700680.69766, 196661412568.70114], "netMargin": [11.330458674332423, 11.754250127374565, 12.178041580416707, 12.601833033458849, 13.025624486500991, 13.449415939543137, 13.449415939543137, 13.449415939543137, 13.449415939543137, 13.449415939543137, 13.449415939543137, 13.449415939543137], "netIncome": [11588000000.0, 12187530544.097939, 13193203369.228407, 14688167209.0395, 16805104790.21742, 19206794086.15897, 20961151801.80773, 22549586635.782833, 23907509319.24455, 24975191646.4202, 25701928097.928368, 26449811368.94558], "netGrowth": [0.0, 5.1737188824468285, 8.251653782459533, 11.331318088356914, 14.412537323752005, 14.291427074823238, 9.134047607211075, 7.577994038658274, 6.021940470105535, 4.465886901552777, 2.909833333000003, 2.9098333329999977], "bvEquity": [0.0, 78360000000.0, 77391613335.8943, 76343318756.99109, 75176238584.84937, 73840952547.29959, 72314835079.4531, 71648388146.8789, 72006213961.73099, 73525086264.68187, 76302176828.55626, 80385101522.88135], "costOfEquity": [0.0, 8.824210184780341, 8.824210184780341, 8.824210184780341, 8.824210184780341, 8.824210184780341, 8.824210184780341, 8.824210184780341, 8.824210184780341, 8.824210184780341, 8.824210184780341, 8.824210184780341], "returnOnEquity": [0.14788157223072995, 0.15553254905689048, 0.17047329549737383, 0.1923962364773989, 0.2235427723781359, 0.2601103239270357, 0.2898596363910322, 0.3147256654198036, 0.3320200855435981, 0.33968258883114233, 0.3368439691527826, 0.329038725682479], "dividendpayout": [107.94571681770806, 107.94571681770806, 107.94571681770806, 107.94571681770806, 107.94571681770806, 107.94571681770806, 103.17943851022878, 98.4131602027495, 93.64688189527021, 88.88060358779093, 84.11432528031165, 84.11432528031165], "dividendPaid": [0.0, 13155917208.203634, 14241497948.131615, 15855247381.18123, 18140390827.76719, 20732911554.00546, 21627598734.38192, 22191760820.930748, 22388637016.293663, 22198101082.545815, 21619003403.603283, 22248080370.903736], "retainedEarning": [0.0, -968386664.1056957, -1048294578.9032078, -1167080172.1417313, -1335286037.5497684, -1526117467.846489, -666446932.5741882, 357825814.8520851, 1518872302.9508858, 2777090563.874386, 4082924694.3250847, 4201730998.0418434], "equityCost": [0.0, 6914651100.793876, 6829198626.151806, 6736694909.1537285, 6633709301.739046, 6515880855.217629, 6381213042.188207, 6322404364.087839, 6353979666.08579, 6488008150.53659, 6733064458.914567, 7093350315.628113], "excessEquity": [0.0, 5272879443.304063, 6364004743.076601, 7951472299.885771, 10171395488.478374, 12690913230.941341, 14579938759.619526, 16227182271.694994, 17553529653.15876, 18487183495.88361, 18968863639.0138, 19356461053.317467], "cumulatedDiscount": [0.0, 1.0882421018478035, 1.184270872234125, 1.2887734231571957, 1.4024974988221752, 1.5262568259545313, 1.6609369362363162, 1.8075015025264598, 1.9669992342024574, 2.140571380961502, 2.3294598987728, 2.5350163364106835], "presentValue": [0.0, 4845318366.520526, 5373774608.735345, 6169798474.278364, 7252344832.714758, 8315057475.994814, 8778141085.029799, 8977686739.962997, 8924014482.535395, 8636564825.780085, 8143030772.500925, 7635635626.997252], "Price Target USD": [38.16744605082145, 41.53542171250858, 45.200594625555226, 49.18919010008475, 53.5297476227074, 58.25332506431756, 63.39372090761627, 68.98771608445738, 75.07533715342942, 81.70014270078052, 88.90953501396287, 96.75509925790583], "Price Target Local": [38.16744605082145, 41.53542171250858, 45.200594625555226, 49.18919010008475, 53.5297476227074, 58.25332506431756, 63.39372090761627, 68.98771608445738, 75.07533715342942, 81.70014270078052, 88.90953501396287, 96.75509925790583], "Equity Invested": 78360000000.0, "PV of Equity Excess Return": 75415731664.05301, "Terminal  Value of Excess Equity Return": 140495277387.78033, "Value of Equity": 294271009051.8334, "Number of shares": 7710000000, "Estimated Value/Share": 38.16744605082145, "Estimated Value/Share (Local Currency)": 38.16744605082145, "Current price": 88.52, "Valuation": 56.88268634114161}, "2018Q3": {"Date": ["2017", "2018", "2019", "2020", "2021", "2022", "2023", "2024", "2025", "2026", "2027", "Terminal"], "revenueGrowth": [0.0, 1.3817523457441454, 4.484535289084035, 7.587318232423925, 10.690101175763814, 10.690101175763814, 9.138847607211051, 7.587594038658288, 6.036340470105525, 4.485086901552762, 2.933833332999999, 2.933833333], "revenue": [105880000000.0, 107342999383.67389, 112156834071.396, 120666529991.80449, 133565904133.21178, 147844234421.37582, 161355493701.1932, 173598493522.3126, 184077489642.29346, 192333525018.9471, 197976270086.48685, 203784563889.7143], "netMargin": [13.421798262183604, 13.42732179765551, 13.432845333127418, 13.438368868599325, 13.443892404071232, 13.449415939543137, 13.449415939543137, 13.449415939543137, 13.449415939543137, 13.449415939543137, 13.449415939543137, 13.449415939543137], "netIncome": [14211000000.0, 14413289954.501265, 15065854051.34298, 16215613401.23772, 17956456440.19392, 19884186029.96404, 21701371489.1768, 23347983458.59667, 24757347233.06148, 25867735770.98346, 26626652025.52493, 27407833618.1117], "netGrowth": [0.0, 1.4234744528975058, 4.527516610723004, 7.631557732979968, 10.735597820945355, 10.735579128268697, 9.138847607211043, 7.587594038658289, 6.03634047010552, 4.485086901552771, 2.93383333299997, 2.9338333329999964], "bvEquity": [0.0, 79239000000.0, 80799045694.33612, 82429722716.61818, 84184845797.29413, 86128391833.17404, 88280588791.63017, 90854863789.49164, 93866958195.7218, 97318004503.42395, 101192497441.8299, 105457207910.33202], "costOfEquity": [0.0, 8.915533230578028, 8.915533230578028, 8.915533230578028, 8.915533230578028, 8.915533230578028, 8.915533230578028, 8.915533230578028, 8.915533230578028, 8.915533230578028, 8.915533230578028, 8.915533230578028], "returnOnEquity": [0.17934350509218946, 0.1818964140701077, 0.18646079197936705, 0.19672046522568956, 0.2132979667555687, 0.23086679789027773, 0.24582268634839796, 0.25698110684193354, 0.26374932893255143, 0.26580626989811895, 0.26312871703587665, 0.2598953088291128], "dividendpayout": [89.17633864814522, 89.17633864814522, 89.17633864814522, 89.17633864814522, 89.17633864814522, 89.17633864814522, 88.13773129893961, 87.09912394973401, 86.0605166005284, 85.0219092513228, 83.98330190211719, 83.98330190211718], "dividendPaid": [0.0, 12853244260.165144, 13435177029.06092, 14460490320.561768, 16012910404.31401, 17731989071.50791, 19127096491.31534, 20335889052.366505, 21306300925.359337, 21993242832.577522, 22361941557.022804, 23018003652.328712], "retainedEarning": [0.0, 1560045694.3361206, 1630677022.2820587, 1755123080.675953, 1943546035.8799095, 2152196958.456127, 2574274997.8614616, 3012094406.2301636, 3451046307.7021446, 3874492938.405937, 4264710468.502125, 4389829965.782986], "equityCost": [0.0, 7064579376.5777235, 7203665768.868463, 7349049320.673419, 7505527902.168629, 7678805394.849084, 7870685229.86773, 8100195572.74853, 8368739850.4723625, 8676419030.838184, 9021850736.278166, 9402072415.285412], "excessEquity": [0.0, 7348710577.923541, 7862188282.474517, 8866564080.5643, 10450928538.025291, 12205380635.114956, 13830686259.30907, 15247787885.848137, 16388607382.589119, 17191316740.145275, 17604801289.246765, 18005761202.826286], "cumulatedDiscount": [0.0, 1.0891553323057803, 1.1862593378901147, 1.2920206833605428, 1.4072112167314934, 1.5326716003836112, 1.6693174462314442, 1.818145997874045, 1.98024340849493, 2.1567926676256266, 2.34908223462246, 2.5585154418638303], "presentValue": [0.0, 6747164853.305232, 6627714557.306023, 6862555835.795437, 7426695021.874181, 7963467602.622819, 8285234357.630682, 8386448560.059175, 8276057030.304756, 7970778553.819399, 7494331628.656745, 7037581602.286297], "Price Target USD": [36.363947420974526, 39.605987237241436, 43.13707219067619, 46.98297219653436, 51.17175469542962, 55.73398948997052, 60.702971843675705, 66.11496547034704, 72.00946718724103, 78.42949516348169, 85.4219028673565, 93.03772100368775], "Price Target Local": [36.363947420974526, 39.605987237241436, 43.13707219067619, 46.98297219653436, 51.17175469542962, 55.73398948997052, 60.702971843675705, 66.11496547034704, 72.00946718724103, 78.42949516348169, 85.4219028673565, 93.03772100368775], "Equity Invested": 79239000000.0, "PV of Equity Excess Return": 76040448001.37445, "Terminal  Value of Excess Equity Return": 128141158197.70097, "Value of Equity": 283420606199.07544, "Number of shares": 7794000000, "Estimated Value/Share": 36.363947420974526, "Estimated Value/Share (Local Currency)": 36.363947420974526, "Current price": 88.24, "Valuation": 58.78972413760819}, "2018Q4": {"Date": ["2017", "2018", "2020", "2021", "2022", "2023", "2024", "2025", "2026", "2027", "2028", "Terminal"], "revenueGrowth": [0.0, 1.3817523457441454, 4.484535289084035, 7.587318232423925, 10.690101175763814, 10.690101175763814, 9.160780940611051, 7.631460705458288, 6.102140470305525, 4.572820235152761, 3.0434999999999985, 3.0435], "revenue": [110360000000.0, 111884901888.76323, 116902419797.12187, 125772178408.53366, 139217351531.36807, 154099827264.2901, 168216574869.83176, 181053956681.0908, 192102123444.81708, 200886608217.8598, 207000592138.97037, 213300655160.71994], "netMargin": [15.01540413193186, 14.702206493454115, 14.389008854976371, 14.075811216498627, 13.762613578020883, 13.449415939543137, 13.449415939543137, 13.449415939543137, 13.449415939543137, 13.449415939543137, 13.449415939543137, 13.449415939543137], "netIncome": [16571000000.0, 16449549310.684513, 16821099536.289516, 17703454395.663044, 19159946124.817123, 20725526730.891872, 22624146833.496666, 24350699709.04015, 25836613610.78806, 27018075506.060406, 27840370634.087357, 28687692314.335804], "netGrowth": [0.0, -0.7329110452929027, 2.258725868943227, 5.245524274260147, 8.227161189010026, 8.171111734217844, 9.160780940611062, 7.631460705458289, 6.102140470305528, 4.5728202351527525, 3.0435000000000088, 3.0434999999999954], "bvEquity": [0.0, 82718000000.0, 86424052302.87047, 90213814167.82243, 94202368911.33711, 98519068482.71265, 103188490399.29578, 108018050938.6947, 112928137524.93555, 117832227920.45773, 122640981686.09174, 127266771226.24016], "costOfEquity": [0.0, 8.94591026788105, 8.94591026788105, 8.94591026788105, 8.94591026788105, 8.94591026788105, 8.94591026788105, 8.94591026788105, 8.94591026788105, 8.94591026788105, 8.94591026788105, 8.94591026788105], "returnOnEquity": [0.20033124591987234, 0.19886299609135272, 0.19463446908668994, 0.19623884167816877, 0.2033913408573662, 0.210370713508407, 0.21925068140788564, 0.2254317634638706, 0.22878809636865838, 0.22929274938515862, 0.22700707586756566, 0.22541384556176208], "dividendpayout": [77.47018940839148, 77.47018940839148, 77.47018940839148, 77.47018940839148, 77.47018940839148, 77.47018940839148, 78.65307109725606, 79.83595278612064, 81.01883447498523, 82.20171616384981, 83.38459785271439, 83.38459785271438], "dividendPaid": [0.0, 12743497007.814047, 13031337671.33755, 13714899652.148367, 14843246553.441587, 16056104814.308739, 17794586294.097736, 19440613122.799313, 20932523215.26588, 22209321740.426403, 23214581093.938934, 23921116869.532963], "retainedEarning": [0.0, 3706052302.870466, 3789761864.9519672, 3988554743.514677, 4316699571.375536, 4669421916.583134, 4829560539.39893, 4910086586.240837, 4904090395.522179, 4808753765.634003, 4625789540.148422, 4766575444.802841], "equityCost": [0.0, 7399878055.385847, 7731418168.881379, 8070446864.6863575, 8427259393.026493, 8813427463.215755, 9231149757.902054, 9663197910.089672, 10102449850.170042, 10541165376.409231, 10971352173.2862, 11385171154.728905], "excessEquity": [0.0, 9049671255.298666, 9089681367.408138, 9633007530.976686, 10732686731.79063, 11912099267.676117, 13392997075.594612, 14687501798.950478, 15734163760.618017, 16476910129.651175, 16869018460.801157, 17302521159.6069], "cumulatedDiscount": [0.0, 1.0894591026788105, 1.186921136409719, 1.2931020362234464, 1.4087817840561387, 1.5348101383280548, 1.6721128760852235, 1.8216985935574928, 1.9846661150883973, 2.162212564861246, 2.3556421607145825, 2.5663757946444834], "presentValue": [0.0, 8306572713.970568, 7658201618.098431, 7449533958.751043, 7618416743.641642, 7761285236.656412, 8009624988.326448, 8062531228.213819, 7927864360.155721, 7620393294.083246, 7161112473.757029, 6742006059.951869], "Price Target USD": [36.62207013260813, 39.89824766491172, 43.46750909947167, 47.35607345919344, 51.59250529724472, 56.207924526088014, 61.23623501763016, 66.7143736537361, 72.68258165657821, 79.18470019195507, 86.26849241701801, 93.98599433809821], "Price Target Local": [36.62207013260813, 39.89824766491172, 43.46750909947167, 47.35607345919344, 51.59250529724472, 56.207924526088014, 61.23623501763016, 66.7143736537361, 72.68258165657821, 79.18470019195507, 86.26849241701801, 93.98599433809821], "Equity Invested": 82718000000.0, "PV of Equity Excess Return": 77575536615.65437, "Terminal  Value of Excess Equity Return": 124443058665.37384, "Value of Equity": 284736595281.0282, "Number of shares": 7775000000, "Estimated Value/Share": 36.62207013260813, "Estimated Value/Share (Local Currency)": 36.62207013260813, "Current price": 101.57, "Valuation": 63.944008927234286}, "2013Q1": {"Date": ["2012", "2013", "2014", "2015", "2016", "2017", "2018", "2019", "2020", "2021", "2022", "Terminal"], "revenueGrowth": [0.0, 4.862075380927166, 6.804750645872716, 8.747425910818265, 10.690101175763814, 10.690101175763814, 8.940614274011052, 7.191127372258289, 5.441640470505526, 3.6921535687527625, 1.9426666669999995, 1.942666667], "revenue": [72359000000.0, 75877149124.88509, 81040399920.0305, 88129348860.866, 97550465419.63443, 107978708870.42184, 117632668728.58362, 126091783768.2427, 132953245303.75772, 137862083295.01303, 140540284033.61703, 143270513285.24524], "netMargin": [21.705662046186376, 21.521245872077976, 21.336829697969577, 21.152413523861178, 20.96799734975278, 20.78358117564438, 20.78358117564438, 20.78358117564438, 20.78358117564438, 20.78358117564438, 20.78358117564438, 20.78358117564438], "netIncome": [15706000000.0, 16329707823.889782, 17291452117.490383, 18641484306.936615, 20454379003.860447, 22441842610.49684, 24448281194.282017, 26206388235.290703, 27632445663.36008, 28652677992.0535, 29209304016.60797, 29776743429.401306], "netGrowth": [0.0, 3.971143664139704, 5.889537669459116, 7.807511944474971, 9.725055510999423, 9.716567812991494, 8.940614274011054, 7.191127372258274, 5.441640470505527, 3.692153568752774, 1.9426666670000061, 1.9426666669999992], "bvEquity": [0.0, 68836000000.0, 78160077900.19545, 88033300880.65262, 98677376924.61363, 110356595272.48283, 123170632791.1501, 134856963834.01425, 144946833460.5073, 153016313057.60782, 158719417939.95517, 161817244139.32462], "costOfEquity": [0.0, 8.95411616834607, 8.95411616834607, 8.95411616834607, 8.95411616834607, 8.95411616834607, 8.95411616834607, 8.95411616834607, 8.95411616834607, 8.95411616834607, 8.95411616834607, 8.95411616834607], "returnOnEquity": [0.22816549479923295, 0.2372262743897057, 0.2212312549070162, 0.21175491683776584, 0.20728539449814257, 0.20335751166557295, 0.19849115523938954, 0.19432728937562516, 0.19063849139477002, 0.18725244007981226, 0.18403106813092074, 0.18401464929018033], "dividendpayout": [42.90113454109296, 42.90113454109296, 42.90113454109296, 42.90113454109296, 42.90113454109296, 42.90113454109296, 52.19978472107334, 61.49843490105373, 70.79708508103411, 80.0957352610145, 89.39438544099488, 89.3943854409949], "dividendPaid": [0.0, 7005629923.694338, 7418229137.033216, 7997408262.975607, 8775160655.99124, 9627805091.829578, 12761950151.417871, 16116518608.797655, 19562966066.25956, 22949573109.70614, 26111477817.23853, 26618736793.055126], "retainedEarning": [0.0, 9324077900.195444, 9873222980.457167, 10644076043.961008, 11679218347.869207, 12814037518.667263, 11686331042.864145, 10089869626.493048, 8069479597.100521, 5703104882.3473625, 3097826199.369442, 3158006636.34618], "equityCost": [0.0, 6163655405.6427, 6998544172.453284, 7882604027.683259, 8835686961.706623, 9881457740.12962, 11028841545.406538, 12075249202.802082, 12978707850.392935, 13701258427.6983, 14211921064.066298, 14489304020.651299], "excessEquity": [0.0, 10166052418.247082, 10292907945.037098, 10758880279.253357, 11618692042.153824, 12560384870.367222, 13419439648.875479, 14131139032.48862, 14653737812.967146, 14951419564.355202, 14997382952.541674, 15287439408.750008], "cumulatedDiscount": [0.0, 1.0895411616834607, 1.187099943002545, 1.293394250933363, 1.4092062746766456, 1.5353882415628144, 1.6728686883474748, 1.822659294045995, 1.9858623245880298, 2.16367874407506, 2.357417052329352, 2.568502913767322], "presentValue": [0.0, 9330581327.041756, 8670633004.162338, 8318330061.765264, 8244848359.634101, 8180592068.089876, 8021812914.755268, 7753033756.034506, 7379030072.493614, 6910184612.802447, 6361786064.847048, 5951887119.461092], "Price Target USD": [28.313624278286348, 30.848859087633144, 33.6111017669492, 36.620678864622846, 39.899736991798136, 43.47240579290829, 47.364975508780105, 51.60609043894494, 56.2269597267898, 61.26158701865572, 66.74702068687857, 72.72362645809166], "Price Target Local": [28.313624278286348, 30.848859087633144, 33.6111017669492, 36.620678864622846, 39.899736991798136, 43.47240579290829, 47.364975508780105, 51.60609043894494, 56.2269597267898, 61.26158701865572, 66.74702068687857, 72.72362645809166], "Equity Invested": 68836000000.0, "PV of Equity Excess Return": 79170832241.6262, "Terminal  Value of Excess Equity Return": 92489092378.13803, "Value of Equity": 240495924619.76425, "Number of shares": 8494000000, "Estimated Value/Share": 28.313624278286348, "Estimated Value/Share (Local Currency)": 28.313624278286348, "Current price": 23.87, "Valuation": 18.61593748758419}, "2013Q2": {"Date": ["2012", "2013", "2014", "2015", "2016", "2017", "2018", "2019", "2020", "2021", "2022", "Terminal"], "revenueGrowth": [0.0, 4.862075380927166, 6.804750645872716, 8.747425910818265, 10.690101175763814, 10.690101175763814, 8.952314274011052, 7.2145273722582886, 5.476740470505526, 3.7389535687527626, 2.0011666669999997, 2.001166667], "revenue": [72930000000.0, 76475911575.31018, 81679906662.16815, 88824795981.46683, 98320256541.05142, 108830791441.56035, 118573665918.30234, 127128195502.26837, 134090676834.7645, 139104264981.64264, 141887973164.83063, 144727387988.28714], "netMargin": [21.197038255861784, 21.114346839818303, 21.031655423774822, 20.94896400773134, 20.86627259168786, 20.78358117564438, 20.78358117564438, 20.78358117564438, 20.78358117564438, 20.78358117564438, 20.78358117564438, 20.78358117564438], "netIncome": [15459000000.0, 16147389218.923746, 17178636519.6481, 18607874540.09828, 20515772742.702602, 22618935883.35293, 24643854109.067738, 26421791709.345833, 27868844668.92425, 28910847831.243153, 29489402081.189083, 30079534165.935448], "netGrowth": [0.0, 4.452999669601825, 6.386464627456899, 8.319857159882789, 10.253176409229184, 10.25144491034789, 8.95231427401104, 7.214527372258306, 5.476740470505533, 3.7389535687527395, 2.0011666670000006, 2.0011666670000148], "bvEquity": [0.0, 72576000000.0, 81454903956.36823, 90900855973.21579, 101132697705.25613, 112413628219.99571, 124851017111.82843, 136230142963.97348, 146101844097.1309, 154058298764.34286, 159764522926.99268, 162986235398.84314], "costOfEquity": [0.0, 8.69021371684902, 8.69021371684902, 8.69021371684902, 8.69021371684902, 8.69021371684902, 8.69021371684902, 8.69021371684902, 8.69021371684902, 8.69021371684902, 8.69021371684902, 8.69021371684902], "returnOnEquity": [0.21300429894179895, 0.22248937966991494, 0.21089751120263958, 0.2047051630138791, 0.2028599375692946, 0.20121168795554947, 0.19738609007081104, 0.19394967321096598, 0.19074943811384468, 0.18766173625912214, 0.18458041585781096, 0.18455260404246965], "dividendpayout": [45.01337748171263, 45.01337748171263, 45.01337748171263, 45.01337748171263, 45.01337748171263, 45.01337748171263, 53.825705176699266, 62.6380328716859, 71.45036056667253, 80.26268826165916, 89.0750159566458, 89.0750159566458], "dividendPaid": [0.0, 7268485262.555514, 7732684502.80054, 8376032808.057938, 9234842227.96303, 10181546991.520205, 13264728256.922688, 16550090576.188423, 19912390001.712273, 23204623668.59334, 26267689609.338615, 26793349857.991726], "retainedEarning": [0.0, 8878903956.368233, 9445952016.84756, 10231841732.040344, 11280930514.739573, 12437388891.832724, 11379125852.14505, 9871701133.15741, 7956454667.211979, 5706224162.649811, 3221712471.8504677, 3286184307.943722], "equityCost": [0.0, 6307009507.140345, 7078605236.662506, 7899478654.5175705, 8788647568.201622, 9768984539.181728, 10849820214.677631, 11838690570.338253, 12696562496.298239, 13387995411.163168, 13883878486.059916, 14163852185.206099], "excessEquity": [0.0, 9840379711.783401, 10100031282.985594, 10708395885.580711, 11727125174.50098, 12849951344.1712, 13794033894.390106, 14583101139.00758, 15172282172.626013, 15522852420.079985, 15605523595.129168, 15915681980.72935], "cumulatedDiscount": [0.0, 1.0869021371684902, 1.1813562557814314, 1.2840186391662034, 1.3956026030739228, 1.5168834519189547, 1.6487038657262285, 1.7919797552157892, 1.947706625706709, 2.1169664940578508, 2.300935406705564, 2.5008916110349264], "presentValue": [0.0, 9053602321.013708, 8549521986.747959, 8339751121.163137, 8402911508.38432, 8471284545.899152, 8366592801.257277, 8137983197.947172, 7789819047.88709, 7332592397.494879, 6782251926.607911, 6364003106.133446], "Price Target USD": [30.460787655421473, 33.10789520251316, 35.98504205276196, 39.11221911324497, 42.511154543588226, 46.20546472692602, 50.22081836055918, 54.58511480644232, 59.328677940709554, 64.48446684913827, 70.08830483249905, 76.17912831295983], "Price Target Local": [30.460787655421473, 33.10789520251316, 35.98504205276196, 39.11221911324497, 42.511154543588226, 46.20546472692602, 50.22081836055918, 54.58511480644232, 59.328677940709554, 64.48446684913827, 70.08830483249905, 76.17912831295983], "Equity Invested": 72576000000.0, "PV of Equity Excess Return": 81226310854.4026, "Terminal  Value of Excess Equity Return": 103408580107.97633, "Value of Equity": 257210890962.3789, "Number of shares": 8444000000, "Estimated Value/Share": 30.460787655421473, "Estimated Value/Share (Local Currency)": 30.460787655421473, "Current price": 22.54, "Valuation": 35.14102775253538}, "2013Q3": {"Date": ["2012", "2013", "2014", "2015", "2016", "2017", "2018", "2019", "2020", "2021", "2022", "Terminal"], "revenueGrowth": [0.0, 4.862075380927166, 6.804750645872716, 8.747425910818265, 10.690101175763814, 10.690101175763814, 9.093114274011052, 7.4961273722582895, 5.899140470505527, 4.302153568752765, 2.7051666670000016, 2.705166667], "revenue": [76012000000.0, 79707760738.55035, 85131675102.21754, 92578505308.42255, 102475241192.90279, 113429948156.53209, 123744262963.35704, 133020290530.95251, 140867344323.64798, 146927673804.67505, 150902312261.03763, 154984471312.05548], "netMargin": [21.583434194600855, 21.42346359080956, 21.263492987018267, 21.103522383226974, 20.94355177943568, 20.78358117564438, 20.78358117564438, 20.78358117564438, 20.78358117564438, 20.78358117564438, 20.78358117564438, 20.78358117564438], "netIncome": [16406000000.0, 17076163100.872932, 18101967765.091206, 19537325589.819923, 21461955200.337196, 23574805352.60418, 25718489343.19215, 27646380062.578506, 29277278857.47985, 30536832354.68062, 31362904564.697113, 32211323404.784325], "netGrowth": [0.0, 4.08486590803933, 6.007231590367241, 7.929291684502599, 9.851039241113515, 9.844630335607947, 9.093114274011047, 7.496127372258283, 5.899140470505543, 4.302153568752763, 2.7051666670000114, 2.7051666670000123], "bvEquity": [0.0, 76688000000.0, 86284871915.89047, 96458250153.19939, 107438305225.11224, 119500009830.8551, 132749144667.20634, 145071898321.338, 156027488151.5805, 165203327477.7303, 172243517565.091, 176875296838.09335], "costOfEquity": [0.0, 9.024819632353585, 9.024819632353585, 9.024819632353585, 9.024819632353585, 9.024819632353585, 9.024819632353585, 9.024819632353585, 9.024819632353585, 9.024819632353585, 9.024819632353585, 9.024819632353585], "returnOnEquity": [0.21393177550594616, 0.2226706016700518, 0.20979306526336158, 0.20254696263709795, 0.19976073855007864, 0.19727868965009177, 0.1937375145253611, 0.1905701957614221, 0.18764180084112494, 0.18484393033062266, 0.18208467295638595, 0.18211318358532372], "dividendpayout": [43.79960030131199, 43.79960030131199, 43.79960030131199, 43.79960030131199, 43.79960030131199, 43.79960030131199, 52.08601294697122, 60.37242559263046, 68.65883823828969, 76.94525088394892, 85.23166352960814, 85.23166352960816], "dividendPaid": [0.0, 7479291184.982468, 7928589527.782288, 8557270517.907072, 9400250594.594336, 10325670516.252935, 13395735689.060478, 16690790232.33603, 20101439531.33008, 23496642267.319885, 26731125291.694756, 27454246782.799698], "retainedEarning": [0.0, 9596871915.890465, 10173378237.308918, 10980055071.912851, 12061704605.74286, 13249134836.351244, 12322753654.131672, 10955589830.242477, 9175839326.149773, 7040190087.360733, 4631779273.0023575, 4757076621.984627], "equityCost": [0.0, 6920953679.659318, 7787054060.416429, 8705183096.85067, 9696113262.623898, 10784660347.879477, 11980370869.7075, 13092477160.732145, 14081199382.572002, 14909302331.511587, 15544666788.670729, 15962676513.827929], "excessEquity": [0.0, 10155209421.213615, 10314913704.674778, 10832142492.969254, 11765841937.713299, 12790145004.724703, 13738118473.48465, 14553902901.846361, 15196079474.907848, 15627530023.169031, 15818237776.026384, 16248646890.956396], "cumulatedDiscount": [0.0, 1.0902481963235358, 1.188641129586723, 1.2959138476078949, 1.4128677349452008, 1.5403764996677245, 1.679392700421898, 1.8309548625538863, 1.996195236449182, 2.1763482560483545, 2.372759760728591, 2.5868970494434107], "presentValue": [0.0, 9314584931.631489, 8677904077.121374, 8358690288.682477, 8327631558.639597, 8303258980.829474, 8180408590.577624, 7948804855.596504, 7612521659.924671, 7180620095.95114, 6666598969.618888, 6281133953.302242], "Price Target USD": [31.512554848659338, 34.35650608529733, 37.457118791473995, 40.83755620188094, 44.52307199136172, 48.541198933365045, 52.92195458448318, 57.698065531648865, 62.90521187723734, 68.58229378850787, 74.77172210265154, 81.51973515842049], "Price Target Local": [31.512554848659338, 34.35650608529733, 37.457118791473995, 40.83755620188094, 44.52307199136172, 48.541198933365045, 52.92195458448318, 57.698065531648865, 62.90521187723734, 68.58229378850787, 74.77172210265154, 81.51973515842049], "Equity Invested": 76688000000.0, "PV of Equity Excess Return": 80571024008.57323, "Terminal  Value of Excess Equity Return": 108360300810.77629, "Value of Equity": 265619324819.34955, "Number of shares": 8429000000, "Estimated Value/Share": 31.512554848659338, "Estimated Value/Share (Local Currency)": 31.512554848659338, "Current price": 23.68, "Valuation": 33.0766674352168}, "2013Q4": {"Date": ["2012", "2013", "2015", "2016", "2017", "2018", "2019", "2020", "2021", "2022", "2023", "Terminal"], "revenueGrowth": [0.0, 4.033651788824034, 6.252468251137294, 8.471284713450554, 10.690101175763814, 10.690101175763814, 9.099880940611051, 7.509660705458288, 5.919440470305524, 4.329220235152761, 2.7389999999999977, 2.739], "revenue": [77849000000.0, 80989157581.08163, 86052978945.70232, 93342771796.59842, 103321208541.91711, 114366350271.06998, 124773551981.85954, 134143622385.84583, 142084174257.6874, 148235311080.60092, 152295476251.09857, 156466849345.61618], "netMargin": [28.08385464167812, 27.666686078225037, 27.249517514771956, 26.832348951318874, 26.415180387865792, 25.998011824412703, 25.998011824412703, 25.998011824412703, 25.998011824412703, 25.998011824412703, 25.998011824412703, 25.998011824412703], "netIncome": [21863000000.0, 22407015985.35685, 23449021569.792175, 25046058249.296547, 27292483615.27041, 29732977266.62202, 32438642797.983574, 34874674809.567726, 36939060424.13272, 38538233702.68958, 39593795923.806244, 40678269994.1593], "netGrowth": [0.0, 2.4882952264412466, 4.650354090505777, 6.810675126683019, 8.969177279769983, 8.941999144358311, 9.09988094061105, 7.509660705458303, 5.919440470305515, 4.329220235152769, 2.7389999999999826, 2.7390000000000123], "bvEquity": [0.0, 78944000000.0, 93683899513.60759, 109041724412.65138, 125373389343.27356, 143091269120.74646, 162307851910.11823, 180050179908.9692, 195659923666.85345, 208523597032.47922, 218115201425.98056, 224035678770.22888], "costOfEquity": [0.0, 9.118620956679912, 9.118620956679912, 9.118620956679912, 9.118620956679912, 9.118620956679912, 9.118620956679912, 9.118620956679912, 9.118620956679912, 9.118620956679912, 9.118620956679912, 9.118620956679912], "returnOnEquity": [0.2769431495743818, 0.2838343127451972, 0.25029937578960626, 0.22969242630934236, 0.2176896050926989, 0.2077902967058883, 0.19985874014245, 0.19369419584695702, 0.18879216413795694, 0.18481473680260246, 0.1815269897052213, 0.1815704990269829], "dividendpayout": [33.92948562056499, 34.21748115304502, 34.50547668552505, 34.793472218005085, 35.08146775048512, 35.36946328296514, 45.304962019083426, 55.24046075520171, 65.17595949132, 75.11145822743829, 85.04695696355658, 85.04695696355657], "dividendPaid": [0.0, 7667116471.749265, 8091196670.748381, 8714393318.674364, 9574603837.797523, 10516394477.250248, 14696314799.1326, 19264931051.68348, 24075387058.50696, 28946629309.18823, 33673318579.55792, 34595630775.452], "retainedEarning": [0.0, 14739899513.607586, 15357824899.043795, 16331664930.622183, 17717879777.472885, 19216582789.371773, 17742327998.850975, 15609743757.884247, 12863673365.62576, 9591604393.501354, 5920477344.248325, 6082639218.707298], "equityCost": [0.0, 7198604128.04139, 8542679694.082772, 9943101533.817184, 11432324154.755644, 13047950453.223639, 14800237798.613039, 16418093437.719152, 17841486803.30962, 19014476418.626423, 19889098466.934067, 20428964354.78218], "excessEquity": [0.0, 15208411857.31546, 14906341875.709404, 15102956715.479362, 15860159460.514765, 16685026813.398382, 17638404999.370537, 18456581371.84857, 19097573620.8231, 19523757284.06316, 19704697456.872177, 20249305639.37712], "cumulatedDiscount": [0.0, 1.091186209566799, 1.1906873439487582, 1.299261609622605, 1.4177363510397485, 1.547014355056128, 1.6880807302391225, 1.8420104134723823, 2.009976361059501, 2.193258486743385, 2.3932534147497275, 2.6114851221735536], "presentValue": [0.0, 13937503722.07618, 12519106675.203651, 11624261506.400007, 11186959725.539337, 10785308332.056831, 10448792337.598686, 10019802948.375296, 9501392151.07802, 8901712863.335417, 8233435429.541748, 7753942562.201354], "Price Target USD": [37.754991073721385, 41.19772560196237, 44.95439004237839, 49.05361047373033, 53.52662327839603, 58.407513166062955, 63.73347290189914, 69.54508671835163, 75.88663957019244, 82.80645458936016, 90.35726131102918, 98.5965974768187], "Price Target Local": [37.754991073721385, 41.19772560196237, 44.95439004237839, 49.05361047373033, 53.52662327839603, 58.407513166062955, 63.73347290189914, 69.54508671835163, 75.88663957019244, 82.80645458936016, 90.35726131102918, 98.5965974768187], "Equity Invested": 78944000000.0, "PV of Equity Excess Return": 107158275691.20517, "Terminal  Value of Excess Equity Return": 132625358953.15082, "Value of Equity": 318727634644.35596, "Number of shares": 8442000000, "Estimated Value/Share": 37.754991073721385, "Estimated Value/Share (Local Currency)": 37.754991073721385, "Current price": 26.38, "Valuation": 43.11975388067243}, "2015Q1": {"Date": ["2014", "2015", "2016", "2017", "2018", "2019", "2020", "2021", "2022", "2023", "2024", "Terminal"], "revenueGrowth": [0.0, 4.011333952919639, 6.237589693867697, 8.463845434815756, 10.690101175763814, 10.690101175763814, 8.944780940611052, 7.199460705458289, 5.454140470305527, 3.7088202351527637, 1.9635000000000007, 1.9635], "revenue": [91505000000.0, 95175571133.61911, 101112232749.72945, 109670215845.3577, 121394072878.90498, 134371222091.04039, 146390433554.3059, 156929755294.5982, 165488924588.07233, 171626611310.13144, 174996499823.20587, 178432556097.23453], "netMargin": [23.353915086607287, 22.839848304414705, 22.325781522222123, 21.81171474002954, 21.297647957836958, 20.78358117564438, 20.78358117564438, 20.78358117564438, 20.78358117564438, 20.78358117564438, 20.78358117564438, 20.78358117564438], "netIncome": [21370000000.0, 21737956069.778915, 22574096175.94532, 23920954634.964096, 25854082283.429214, 27927152019.99677, 30425174591.136913, 32615623080.3929, 34394524978.46292, 35670156080.64882, 36370539595.292366, 37084675140.24593], "netGrowth": [0.0, 1.7218346737431698, 3.846452276756803, 5.966389300910182, 8.081314805219185, 8.018345860592612, 8.944780940611048, 7.199460705458301, 5.454140470305537, 3.708820235152744, 1.9635000000000211, 1.9635000000000051], "bvEquity": [0.0, 90170000000.0, 102460468243.78745, 115223683483.16212, 128748401831.03099, 143366095245.11038, 159155885873.97174, 173569884321.57544, 186032726481.6663, 196023405052.892, 203115816953.58398, 207014502436.44073], "costOfEquity": [0.0, 8.034207240868794, 8.034207240868794, 8.034207240868794, 8.034207240868794, 8.034207240868794, 8.034207240868794, 8.034207240868794, 8.034207240868794, 8.034207240868794, 8.034207240868794, 8.034207240868794], "returnOnEquity": [0.23699678385272263, 0.24107747665275497, 0.2203200567289431, 0.2076044951163162, 0.2008108987431163, 0.19479607066266422, 0.19116587755497283, 0.18791061138213044, 0.18488427078905675, 0.18196886270302326, 0.17906305939533876, 0.1791404694056735], "dividendpayout": [43.460791785874434, 43.460791785874434, 43.460791785874434, 43.460791785874434, 43.460791785874434, 43.460791785874434, 52.6247634029926, 61.788735020110764, 70.95270663722893, 80.1166782543471, 89.28064987146526, 89.28064987146527], "dividendPaid": [0.0, 9447487825.991468, 9810880936.570639, 10396236287.095226, 11236388869.349821, 12137361391.135422, 16011176143.533222, 20152780920.302055, 24403846407.23722, 28577744179.95684, 32471854112.435616, 33109438967.933292], "retainedEarning": [0.0, 12290468243.787447, 12763215239.374681, 13524718347.86887, 14617693414.079393, 15789790628.861347, 14413998447.603691, 12462842160.090843, 9990678571.2257, 7092411900.691978, 3898685482.8567505, 3975236172.312641], "equityCost": [0.0, 7244444669.091391, 8231886358.670442, 9257309521.59995, 10343913422.411541, 11518329205.133509, 12786913707.15551, 13944964214.131601, 14946254781.37567, 15748926602.557013, 16318745673.034649, 16631974144.397026], "excessEquity": [0.0, 14493511400.687525, 14342209817.27488, 14663645113.364145, 15510168861.017673, 16408822814.86326, 17638260883.981403, 18670658866.2613, 19448270197.08725, 19921229478.091805, 20051793922.257717, 20452700995.848907], "cumulatedDiscount": [0.0, 1.0803420724086878, 1.1671389934162986, 1.2609093589363538, 1.3622134299528106, 1.4716564799781664, 1.5898924114532869, 1.71762766269629, 1.8556254287438008, 2.0047102213033376, 2.165772795061727, 2.339775469783343], "presentValue": [0.0, 13415668769.034761, 12288347744.508316, 11629420472.962255, 11386004953.390434, 11149900155.440285, 11093996522.606611, 10870026881.700632, 10480709035.256704, 9937211506.379343, 9258493766.279955, 8741309266.629236], "Price Target USD": [42.77810767900739, 46.214989503660846, 49.927997536730715, 53.939316330047525, 58.272912788311324, 62.95467936701498, 68.01258877518542, 73.47686110726367, 79.38014440270655, 85.7577097121209, 92.64766183541535, 100.09116699109191], "Price Target Local": [42.77810767900739, 46.214989503660846, 49.927997536730715, 53.939316330047525, 58.272912788311324, 62.95467936701498, 68.01258877518542, 73.47686110726367, 79.38014440270655, 85.7577097121209, 92.64766183541535, 100.09116699109191], "Equity Invested": 90170000000.0, "PV of Equity Excess Return": 111509779807.5593, "Terminal  Value of Excess Equity Return": 155560197419.83142, "Value of Equity": 357239977227.39075, "Number of shares": 8351000000, "Estimated Value/Share": 42.77810767900739, "Estimated Value/Share (Local Currency)": 42.77810767900739, "Current price": 38.63, "Valuation": 10.738047318165645}, "2015Q2": {"Date": ["2014", "2015", "2016", "2017", "2018", "2019", "2020", "2021", "2022", "2023", "2024", "Terminal"], "revenueGrowth": [0.0, 4.011333952919639, 6.237589693867697, 8.463845434815756, 10.690101175763814, 10.690101175763814, 8.983447607211051, 7.276794038658288, 5.570140470105525, 3.8634869015527618, 2.156833332999999, 2.156833333], "revenue": [93456000000.0, 97204832259.04057, 103268070857.97186, 112008520758.90662, 123982344953.51015, 137236183069.12488, 149564723673.27597, 160448240569.46866, 169385432951.00092, 175929616966.20126, 179724125587.54752, 183600475435.66254], "netMargin": [22.12271015237117, 21.85488435702581, 21.58705856168045, 21.31923276633509, 21.05140697098973, 20.78358117564438, 20.78358117564438, 20.78358117564438, 20.78358117564438, 20.78358117564438, 20.78358117564438, 20.78358117564438], "netIncome": [20675000000.0, 21244003679.654236, 22292538931.628048, 23879357258.720062, 26100028008.33977, 28522593510.527496, 31084905754.763515, 33346890323.648693, 35204358957.08795, 36564474754.17066, 37353109533.70499, 38158753851.03994], "netGrowth": [0.0, 2.7521338798270176, 4.935676286753862, 7.118158824164617, 9.299541547789286, 9.281850201132505, 8.983447607211058, 7.276794038658285, 5.570140470105523, 3.8634869015527644, 2.1568333330000056, 2.1568333330000087], "bvEquity": [0.0, 91879000000.0, 103379508027.88109, 115447643903.35052, 128374808857.55186, 142504140887.62042, 157944936351.14056, 172139303443.94437, 184541383670.78342, 194651728872.48862, 202054907258.2976, 206453167261.64758], "costOfEquity": [0.0, 8.657470661475232, 8.657470661475232, 8.657470661475232, 8.657470661475232, 8.657470661475232, 8.657470661475232, 8.657470661475232, 8.657470661475232, 8.657470661475232, 8.657470661475232, 8.657470661475232], "returnOnEquity": [0.22502421663274524, 0.23121718433651037, 0.2156378895285111, 0.2068414430242611, 0.2033111343308878, 0.2001527347406738, 0.19680849841020587, 0.19372037446699564, 0.19076674433032065, 0.18784562030847984, 0.18486613386704093, 0.18483007239447966], "dividendpayout": [45.86468633078174, 45.86468633078174, 45.86468633078174, 45.86468633078174, 45.86468633078174, 45.86468633078174, 54.336785818857976, 62.808885306934215, 71.28098479501045, 79.7530842830867, 88.22518377116293, 88.22518377116295], "dividendPaid": [0.0, 9743495651.773146, 10224403056.158606, 10952192304.518717, 11970695978.271215, 13081798047.007343, 16890538661.95971, 20944810096.80965, 25094013755.382763, 29161296368.361683, 32954849530.355003, 33665630709.865707], "retainedEarning": [0.0, 11500508027.88109, 12068135875.469442, 12927164954.201345, 14129332030.068556, 15440795463.520153, 14194367092.803806, 12402080226.839043, 10110345201.705189, 7403178385.808979, 4398260003.349983, 4493123141.1742325], "equityCost": [0.0, 7954397469.0568285, 8950050577.491238, 9994845900.29697, 11114011413.567461, 12337254188.733068, 13674036525.885723, 14902909692.527308, 15976616149.578518, 16851916319.190016, 17492844315.958103, 17873622385.36353], "excessEquity": [0.0, 13289606210.597408, 13342488354.13681, 13884511358.423092, 14986016594.77231, 16185339321.794428, 17410869228.877792, 18443980631.121384, 19227742807.509434, 19712558434.980644, 19860265217.746883, 20285131465.67641], "cumulatedDiscount": [0.0, 1.0865747066147524, 1.1806445930549352, 1.28285855231496, 1.3939216551098537, 1.5146000134449393, 1.645726065247635, 1.7882043165147, 1.9430175805841938, 2.1112337575705764, 2.2940132007274103, 2.492616720550755], "presentValue": [0.0, 12230734002.63611, 11301020165.275078, 10823103867.038216, 10750974805.3891, 10686213639.32321, 10579445508.300892, 10314246789.801754, 9895815148.377792, 9336985241.115194, 8657432839.292023, 8138086894.159291], "Price Target USD": [40.07258530764095, 43.5418576239446, 47.31148117319893, 51.40745877527801, 55.858044436557684, 60.69393824572647, 65.94849814264414, 71.6579700210271, 77.86173775220624, 84.60259485461829, 91.92703968300363, 99.88559617352237], "Price Target Local": [40.07258530764095, 43.5418576239446, 47.31148117319893, 51.40745877527801, 55.858044436557684, 60.69393824572647, 65.94849814264414, 71.6579700210271, 77.86173775220624, 84.60259485461829, 91.92703968300363, 99.88559617352237], "Equity Invested": 91879000000.0, "PV of Equity Excess Return": 104575972006.54936, "Terminal  Value of Excess Equity Return": 136027268290.9476, "Value of Equity": 332482240297.49695, "Number of shares": 8297000000, "Estimated Value/Share": 40.07258530764095, "Estimated Value/Share (Local Currency)": 40.07258530764095, "Current price": 40.59, "Valuation": 1.274734398519473}, "2015Q3": {"Date": ["2014", "2015", "2016", "2017", "2018", "2019", "2020", "2021", "2022", "2023", "2024", "Terminal"], "revenueGrowth": [0.0, 4.011333952919639, 6.237589693867697, 8.463845434815756, 10.690101175763814, 10.690101175763814, 8.992247607211052, 7.2943940386582895, 5.596540470105527, 3.898686901552764, 2.200833333000001, 2.200833333], "revenue": [94782000000.0, 98584022547.25629, 104733289377.46416, 113597753109.17104, 125741467849.9358, 139183357982.98447, 151699070160.84537, 162764598091.35812, 171873784694.5456, 178574605425.63486, 182504734866.11548, 186521359905.35223], "netMargin": [21.101052942541834, 21.037558589162344, 20.974064235782855, 20.910569882403365, 20.847075529023876, 20.78358117564438, 20.78358117564438, 20.78358117564438, 20.78358117564438, 20.78358117564438, 20.78358117564438, 20.78358117564438], "netIncome": [20000000000.0, 20739671502.932056, 21966827390.27767, 23753937548.73325, 26213418773.979393, 28927286189.381287, 31528499389.577015, 33828312369.528736, 35721527561.64313, 37114198077.72347, 37931019720.293655, 38765818245.84469], "netGrowth": [0.0, 3.6983575146602825, 5.916949490603683, 8.13549506583066, 10.353993817657834, 10.352970128779232, 8.99224760721104, 7.29439403865829, 5.596540470105532, 3.898686901552775, 2.2008333329999985, 2.200833333000018], "bvEquity": [0.0, 90132000000.0, 100826107266.15196, 112152979457.7131, 124401348777.53165, 137917913499.4881, 152833844129.5458, 166597242030.12946, 178688877923.51468, 188631760962.2186, 196026663649.90176, 200584085438.62906], "costOfEquity": [0.0, 8.867131677900508, 8.867131677900508, 8.867131677900508, 8.867131677900508, 8.867131677900508, 8.867131677900508, 8.867131677900508, 8.867131677900508, 8.867131677900508, 8.867131677900508, 8.867131677900508], "returnOnEquity": [0.22189677362091156, 0.23010330962290926, 0.2178684468328382, 0.21179943380540853, 0.21071651579001083, 0.2097427771011679, 0.2062926544126749, 0.2030544561080478, 0.1999090708764383, 0.19675476647412068, 0.19349928736244482, 0.19326467581450035], "dividendpayout": [48.4364674501229, 48.4364674501229, 48.4364674501229, 48.4364674501229, 48.4364674501229, 48.4364674501229, 56.34616880899293, 64.25587016786295, 72.16557152673298, 80.075272885603, 87.98497424447302, 87.98497424447304], "dividendPaid": [0.0, 10045564236.7801, 10639955198.716526, 11505568228.914701, 12696854052.022934, 14011355559.323565, 17765101488.99337, 21736676476.14351, 25778644522.939205, 29719295390.040295, 33373597931.566357, 34108095199.26568], "retainedEarning": [0.0, 10694107266.151957, 11326872191.561146, 12248369319.818548, 13516564721.956459, 14915930630.057722, 13763397900.583645, 12091635893.385227, 9942883038.703922, 7394902687.683178, 4557421788.727299, 4657723046.57901], "equityCost": [0.0, 7992123123.925286, 8940383696.990908, 9944752369.204128, 11030831405.188005, 12229362997.41253, 13551978207.364042, 14772396822.56219, 15844578099.240938, 16726226630.86245, 17381942389.63192, 17786054980.7557], "excessEquity": [0.0, 12747548379.006771, 13026443693.286764, 13809185179.529121, 15182587368.791388, 16697923191.968756, 17976521182.212975, 19055915546.966545, 19876949462.40219, 20387971446.861023, 20549077330.661736, 20979763265.08899], "cumulatedDiscount": [0.0, 1.088671316779005, 1.1852052359773326, 1.2902989449048141, 1.4047114513880847, 1.5292690654772134, 1.6648713672224762, 1.8124977036217556, 1.9732142616608193, 2.1481817685293962, 2.3386638746255493, 2.5460362798920864], "presentValue": [0.0, 11709271827.53586, 10990875924.15589, 10702314555.909237, 10808331742.28665, 10918891625.364902, 10797543603.746042, 10513621898.05194, 10073386275.686108, 9490803685.955418, 8786674114.916113, 8240166658.574958], "Price Target USD": [40.00165670861341, 43.54865628230788, 47.410172978816405, 51.61409544556846, 56.19078525308426, 61.173296172321535, 66.59761289563335, 72.5029109254276, 78.93183950749616, 85.93082965241494, 93.55042946960694, 101.84566923591842], "Price Target Local": [40.00165670861341, 43.54865628230788, 47.410172978816405, 51.61409544556846, 56.19078525308426, 61.173296172321535, 66.59761289563335, 72.5029109254276, 78.93183950749616, 85.93082965241494, 93.55042946960694, 101.84566923591842], "Equity Invested": 90132000000.0, "PV of Equity Excess Return": 104791715253.60814, "Terminal  Value of Excess Equity Return": 134569931055.24046, "Value of Equity": 329493646308.84863, "Number of shares": 8237000000, "Estimated Value/Share": 40.00165670861341, "Estimated Value/Share (Local Currency)": 40.00165670861341, "Current price": 37.69, "Valuation": 6.133342288706322}, "2015Q4": {"Date": ["2014", "2015", "2017", "2018", "2019", "2020", "2021", "2022", "2023", "2024", "2025", "Terminal"], "revenueGrowth": [0.0, 3.981924322780216, 6.217983273774749, 8.454042224769282, 10.690101175763814, 10.690101175763814, 8.989414274011052, 7.28872737225829, 5.588040470505527, 3.8873535687527645, 2.1866666670000017, 2.186666667], "revenue": [93580000000.0, 97306284781.25772, 103356773293.28795, 112094598549.66158, 124077624547.18668, 137341648147.76529, 149687857870.52255, 160598197740.07843, 169572490024.6965, 176164372267.29446, 180016499874.79318, 183952860672.6554], "netMargin": [13.029493481513143, 13.113477973119142, 13.197462464725142, 13.281446956331141, 13.36543144793714, 13.449415939543137, 13.449415939543137, 13.449415939543137, 13.449415939543137, 13.449415939543137, 13.449415939543137, 13.449415939543137], "netIncome": [12193000000.0, 12760238221.250814, 13640471360.132736, 14887784647.285639, 16583509851.083061, 18471649517.616795, 20132142615.998734, 21599519605.473114, 22806509502.461723, 23693079163.513607, 24211167827.968082, 24740585364.55369], "netGrowth": [0.0, 4.652162890599643, 6.898250045332127, 9.144209567408708, 11.390043878063413, 11.385645641296012, 8.989414274011057, 7.288727372258314, 5.588040470505509, 3.8873535687527627, 2.186666667000004, 2.186666667000014], "bvEquity": [0.0, 80083000000.0, 82353053040.79343, 84779700016.50244, 87428244677.13148, 90378459736.73628, 93664575828.68382, 97010453150.29245, 100347385732.45364, 103603843347.35222, 106709569811.72794, 109599822900.01288], "costOfEquity": [0.0, 8.81706624675609, 8.81706624675609, 8.81706624675609, 8.81706624675609, 8.81706624675609, 8.81706624675609, 8.81706624675609, 8.81706624675609, 8.81706624675609, 8.81706624675609, 8.81706624675609], "returnOnEquity": [0.15225453591898405, 0.15933766493826174, 0.16563407009787426, 0.17560553581090424, 0.1896813771376196, 0.2043811055357983, 0.2149387048185774, 0.2226514659405856, 0.2272755721137417, 0.22868919142389255, 0.22688844000294292, 0.22573563268550487], "dividendpayout": [82.20994779695495, 82.20994779695495, 82.20994779695495, 82.20994779695495, 82.20994779695495, 82.20994779695495, 83.38042112343418, 84.5508944499134, 85.72136777639263, 86.89184110287185, 88.06231442935108, 88.06231442935109], "dividendPaid": [0.0, 10490185180.457388, 11213824384.423714, 12239239986.656597, 13633294791.478266, 15185533425.669249, 16786265294.390102, 18262587023.311924, 19550051887.563145, 20587352699.137882, 21320914739.68314, 21787132075.39529], "retainedEarning": [0.0, 2270053040.7934265, 2426646975.7090225, 2648544660.6290417, 2950215059.6047955, 3286116091.947546, 3345877321.608631, 3336932582.16119, 3256457614.8985786, 3105726464.375725, 2890253088.2849426, 2953453289.1584015], "equityCost": [0.0, 7060971162.38968, 7261123242.832937, 7475082314.256104, 7708606251.558688, 7968728667.785818, 8258467700.558145, 8553475920.539566, 8847695476.918306, 9134819502.121449, 9408653461.92849, 9663488991.421488], "excessEquity": [0.0, 5699267058.861135, 6379348117.299799, 7412702333.029534, 8874903599.524372, 10502920849.830976, 11873674915.44059, 13046043684.933548, 13958814025.543417, 14558259661.392159, 14802514366.039593, 15077096373.132204], "cumulatedDiscount": [0.0, 1.088170662467561, 1.1841153906550903, 1.2885196290871843, 1.4021292583862572, 1.5257559239633234, 1.660282834542975, 1.806671071948149, 1.9659664572227955, 2.139307022145133, 2.3279311395091744, 2.533186370258562], "presentValue": [0.0, 5237475384.547995, 5387437886.243958, 5752882738.993162, 6329590190.378527, 6883749022.286902, 7151597708.777763, 7221039782.778991, 7100230003.54859, 6805128721.914002, 6358656454.572185, 5951830686.501477], "Price Target USD": [30.0200085713172, 32.66689261433209, 35.54715417689442, 38.68137030950773, 42.091932354850066, 45.803205915116955, 49.84170492379092, 54.236281065434255, 59.01832989675042, 64.22201514147596, 69.88451276150163, 76.04627654790593], "Price Target Local": [30.0200085713172, 32.66689261433209, 35.54715417689442, 38.68137030950773, 42.091932354850066, 45.803205915116955, 49.84170492379092, 54.236281065434255, 59.01832989675042, 64.22201514147596, 69.88451276150163, 76.04627654790593], "Equity Invested": 80083000000.0, "PV of Equity Excess Return": 64227787894.042076, "Terminal  Value of Excess Equity Return": 97680501199.34584, "Value of Equity": 241991289093.38794, "Number of shares": 8061000000, "Estimated Value/Share": 30.0200085713172, "Estimated Value/Share (Local Currency)": 30.0200085713172, "Current price": 40.88, "Valuation": 26.565536762922708}, "2016Q1": {"Date": ["2015", "2016", "2017", "2018", "2019", "2020", "2021", "2022", "2023", "2024", "2025", "Terminal"], "revenueGrowth": [0.0, 3.981924322780216, 6.217983273774749, 8.454042224769282, 10.690101175763814, 10.690101175763814, 8.933247607211051, 7.176394038658288, 5.419540470105526, 3.662686901552763, 1.9058333330000001, 1.905833333], "revenue": [90758000000.0, 94371914876.86887, 100239944759.05351, 108714272015.0693, 120335937685.9753, 133199971175.41014, 145099054413.2433, 155511934304.3048, 163939966519.77054, 169944574199.90015, 173183434542.62677, 176484022165.3744], "netMargin": [13.522774851803698, 13.508103069351586, 13.493431286899474, 13.478759504447362, 13.46408772199525, 13.449415939543137, 13.449415939543137, 13.449415939543137, 13.449415939543137, 13.449415939543137, 13.449415939543137, 13.449415939543137], "netIncome": [12273000000.0, 12747855530.088188, 13525808068.088877, 14653335271.921913, 16202136211.125254, 17914618154.732475, 19514975352.38111, 20915446880.21502, 22048967988.391697, 22856552650.830082, 23292160450.024296, 23736070207.856705], "netGrowth": [0.0, 3.8691072279653564, 6.102614954841011, 8.336117133683015, 10.569613746374081, 10.569482451525989, 8.933247607211053, 7.176394038658267, 5.419540470105531, 3.6626869015527657, 1.905833332999996, 1.9058333330000132], "bvEquity": [0.0, 77445000000.0, 79667993174.5943, 82026647063.10649, 84581921102.54323, 87407277738.1098, 90531259947.4656, 93659792463.27559, 96718617205.5864, 99633047031.48068, 102332693610.38605, 104756133447.24811], "costOfEquity": [0.0, 9.509631124290562, 9.509631124290562, 9.509631124290562, 9.509631124290562, 9.509631124290562, 9.509631124290562, 9.509631124290562, 9.509631124290562, 9.509631124290562, 9.509631124290562, 9.509631124290562], "returnOnEquity": [0.15847375556846793, 0.1646052750995957, 0.16977719067739974, 0.1786411586548027, 0.1915555475676951, 0.20495568124668473, 0.2155606291540122, 0.22331297486502608, 0.2279702566624181, 0.2294073435655158, 0.22761211132294779, 0.22658406173238002], "dividendpayout": [82.5618264236877, 82.5618264236877, 82.5618264236877, 82.5618264236877, 82.5618264236877, 82.5618264236877, 83.96855512590616, 85.37528382812462, 86.78201253034308, 88.18874123256154, 89.59546993478, 89.59546993478003], "dividendPaid": [0.0, 10524862355.493883, 11167154179.576685, 12098061232.485176, 13376779575.558683, 14790635945.37667, 16386442836.571135, 17856622137.90421, 19134538162.497417, 20156906071.924725, 20868720613.162235, 21266443646.778534], "retainedEarning": [0.0, 2222993174.594305, 2358653888.512192, 2555274039.436737, 2825356635.5665703, 3123982209.3558044, 3128532515.8099766, 3058824742.31081, 2914429825.8942795, 2699646578.9053574, 2423439836.8620605, 2469626561.078171], "equityCost": [0.0, 7364733824.206826, 7576132275.028901, 7800431559.325146, 8043428694.690338, 8312109688.678386, 8609188873.176586, 8906700775.033602, 9197583724.765892, 9474735250.584742, 9731461681.898172, 9961921870.902863], "excessEquity": [0.0, 5383121705.881362, 5949675793.059976, 6852903712.596767, 8158707516.434916, 9602508466.054089, 10905786479.204525, 12008746105.181417, 12851384263.625805, 13381817400.24534, 13560698768.126123, 13774148336.953842], "cumulatedDiscount": [0.0, 1.0950963112429055, 1.1992359308978187, 1.3132788442361532, 1.4381668179563576, 1.5749311772959544, 1.7247013227182462, 1.8887140565045113, 2.068323796270715, 2.265013759751983, 2.480408213218821, 2.716285884672537], "presentValue": [0.0, 4915660522.837174, 4961222091.307503, 5218163486.508187, 5672991070.694066, 6097097196.67936, 6323289914.3466, 6358159968.061176, 6213429583.31643, 5908051261.335666, 5467123796.743291, 5070949422.031985], "Price Target USD": [25.68181914436828, 28.124065411005134, 30.79856028874591, 33.72738976379788, 36.93474011818679, 40.44709766014171, 44.29346744810274, 48.505612814575024, 53.11831766781771, 58.16967373745604, 63.70139513609142, 69.75916283456048], "Price Target Local": [25.68181914436828, 28.124065411005134, 30.79856028874591, 33.72738976379788, 36.93474011818679, 40.44709766014171, 44.29346744810274, 48.505612814575024, 53.11831766781771, 58.16967373745604, 63.70139513609142, 69.75916283456048], "Equity Invested": 77445000000.0, "PV of Equity Excess Return": 57135188891.82945, "Terminal  Value of Excess Equity Return": 73031637071.24373, "Value of Equity": 207611825963.07318, "Number of shares": 8084000000, "Estimated Value/Share": 25.68181914436828, "Estimated Value/Share (Local Currency)": 25.68181914436828, "Current price": 42.32, "Valuation": 39.315172154139226}, "2016Q2": {"Date": ["2015", "2016", "2017", "2018", "2019", "2020", "2021", "2022", "2023", "2024", "2025", "Terminal"], "revenueGrowth": [0.0, 3.981924322780216, 6.217983273774749, 8.454042224769282, 10.690101175763814, 10.690101175763814, 8.902747607211051, 7.115394038658288, 5.328040470105526, 3.540686901552763, 1.7533333330000003, 1.753333333], "revenue": [88084000000.0, 91591438220.47772, 97286578529.23676, 105511226957.13176, 116790483870.63893, 129275504760.07434, 140784576666.8119, 150801954042.31253, 158836743183.39688, 164460654944.1444, 167344198426.95023, 170278300038.8116], "netMargin": [12.951273784115164, 13.05090221520076, 13.150530646286354, 13.250159077371949, 13.349787508457544, 13.449415939543137, 13.449415939543137, 13.449415939543137, 13.449415939543137, 13.449415939543137, 13.449415939543137, 13.449415939543137], "netIncome": [11408000000.0, 11953509039.650562, 12793701324.21072, 13980405416.306911, 15591281426.82968, 17386800343.12628, 18934703294.644524, 20281982044.109295, 21362614255.558975, 22118997540.334793, 22506817297.134937, 22901436827.003014], "netGrowth": [0.0, 4.781811357385714, 7.028833807488542, 9.275690138634705, 11.522384097987768, 11.516172834946396, 8.902747607211074, 7.11539403865829, 5.328040470105531, 3.5406869015527533, 1.753333333000019, 1.7533333329999992], "bvEquity": [0.0, 76780000000.0, 77809523052.29279, 78911409568.94101, 80115503664.55293, 81458338106.76245, 82955815684.224, 84622936483.24423, 86447590847.34222, 88410448098.06146, 90485239677.09291, 92639589006.4607], "costOfEquity": [0.0, 8.807945606745164, 8.807945606745164, 8.807945606745164, 8.807945606745164, 8.807945606745164, 8.807945606745164, 8.807945606745164, 8.807945606745164, 8.807945606745164, 8.807945606745164, 8.807945606745164], "returnOnEquity": [0.14858035946861162, 0.1556851919725262, 0.16442333563222802, 0.17716583055195484, 0.194610040674662, 0.21344408377615645, 0.2282504624717397, 0.23967476061440185, 0.24711636317642685, 0.25018533460888304, 0.24873468178294195, 0.2472100434880585], "dividendpayout": [91.38727340333459, 91.38727340333459, 91.38727340333459, 91.38727340333459, 91.38727340333459, 91.38727340333459, 91.19542158607916, 91.00356976882374, 90.81171795156831, 90.61986613431289, 90.42801431705746, 90.42801431705743], "dividendPaid": [0.0, 10923985987.357775, 11691814807.562489, 12776311320.694994, 14248446984.620165, 15889322765.664732, 17267582495.624294, 18457327680.011303, 19399757004.83974, 20044205961.30335, 20352467967.767147, 20709314572.73415], "retainedEarning": [0.0, 1029523052.2927876, 1101886516.6482315, 1204094095.6119175, 1342834442.2095146, 1497477577.4615498, 1667120799.0202293, 1824654364.097992, 1962857250.7192345, 2074791579.0314445, 2154349329.36779, 2192122254.2688637], "equityCost": [0.0, 6762740636.858937, 6853420467.313788, 6950474032.348223, 7056529985.343751, 7174806112.602205, 7306703123.098224, 7453542216.274661, 7614256780.175514, 7787144179.156919, 7969890692.891337, 8159644610.00133], "excessEquity": [0.0, 5190768402.791625, 5940280856.896932, 7029931383.958689, 8534751441.485929, 10211994230.524076, 11628000171.546299, 12828439827.834633, 13748357475.383461, 14331853361.177876, 14536926604.243599, 14741792217.001682], "cumulatedDiscount": [0.0, 1.0880794560674516, 1.1839169027160414, 1.2881956595363324, 1.4016592325367447, 1.525116615330503, 1.6594480572482464, 1.8056113395028612, 1.964648604155496, 2.13769378457319, 2.3259806903571687, 2.5308518043872237], "presentValue": [0.0, 4770578447.967537, 5017481246.588544, 5457192261.064606, 6089034512.361184, 6695877631.830186, 7007149226.971435, 7104762551.705443, 6997870991.435229, 6704352823.872461, 6249805367.907575, 5824834228.320612], "Price Target USD": [28.408194192282114, 30.91037248459686, 33.63294127988247, 36.595312453763064, 39.81860766930895, 43.325808974184945, 47.14192266231347, 51.29415756838391, 55.81211906644532, 60.728020155789665, 66.07691113916485, 71.89692953091982], "Price Target Local": [28.408194192282114, 30.91037248459686, 33.63294127988247, 36.595312453763064, 39.81860766930895, 43.325808974184945, 47.14192266231347, 51.29415756838391, 55.81211906644532, 60.728020155789665, 66.07691113916485, 71.89692953091982], "Equity Invested": 76780000000.0, "PV of Equity Excess Return": 62094105061.70419, "Terminal  Value of Excess Equity Return": 89840266380.35912, "Value of Equity": 228714371442.0633, "Number of shares": 8051000000, "Estimated Value/Share": 28.408194192282114, "Estimated Value/Share (Local Currency)": 28.408194192282114, "Current price": 46.18, "Valuation": 38.48377177938044}, "2016Q3": {"Date": ["2015", "2016", "2017", "2018", "2019", "2020", "2021", "2022", "2023", "2024", "2025", "Terminal"], "revenueGrowth": [0.0, 3.981924322780216, 6.217983273774749, 8.454042224769282, 10.690101175763814, 10.690101175763814, 8.863580940611051, 7.0370607054582885, 5.210540470305526, 3.3840202351527635, 1.5575000000000008, 1.5575], "revenue": [86886000000.0, 90345734767.09082, 95963417443.47742, 104076205274.4806, 115202056918.21822, 127517273359.33676, 138819870096.80185, 148588708626.75214, 156330983424.05344, 161621255536.9367, 164138506591.9245, 166694963832.09372], "netMargin": [11.715351149782474, 12.062164107734606, 12.408977065686738, 12.75579002363887, 13.102602981591001, 13.449415939543137, 13.449415939543137, 13.449415939543137, 13.449415939543137, 13.449415939543137, 13.449415939543137, 13.449415939543137], "netIncome": [10179000000.0, 10897650791.945135, 11908078462.01034, 13275742209.384108, 15094468144.620623, 17150328488.861431, 18670461736.05234, 19984313462.407707, 21025604203.07918, 21737114903.874508, 22075670468.502354, 22419499036.04928], "netGrowth": [0.0, 7.060131564447738, 9.271976954997033, 11.485175813519763, 13.699617743036077, 13.619958812351248, 8.863580940611058, 7.037060705458294, 5.210540470305554, 3.384020235152748, 1.5575000000000014, 1.5575000000000019], "bvEquity": [0.0, 74806000000.0, 74218342415.16837, 73576197354.49684, 72860300804.62936, 72046329163.99446, 71121494921.16086, 70633553848.58209, 70666655626.2125, 71285800021.77773, 72529987659.2106, 74407053510.86734], "costOfEquity": [0.0, 8.748159574247094, 8.748159574247094, 8.748159574247094, 8.748159574247094, 8.748159574247094, 8.748159574247094, 8.748159574247094, 8.748159574247094, 8.748159574247094, 8.748159574247094, 8.748159574247094], "returnOnEquity": [0.1360719728364035, 0.14567883314099317, 0.16044656987080094, 0.18043528595831568, 0.20716999487959234, 0.23804583367215326, 0.26251503510645835, 0.28292946303180916, 0.297532181433532, 0.3049291008480489, 0.3043661136718663, 0.3013087869791115], "dividendpayout": [105.39251620418959, 105.39251620418959, 105.39251620418959, 105.39251620418959, 105.39251620418959, 105.39251620418959, 102.61343870053601, 99.83436119688243, 97.05528369322884, 94.27620618957526, 91.49712868592168, 91.49712868592165], "dividendPaid": [0.0, 11485308376.776772, 12550223522.681858, 13991638759.251583, 15908439785.255526, 18075162731.695026, 19158402808.6311, 19951211684.77731, 20406459807.513947, 20492927266.441628, 20198604616.845608, 20513197883.75297], "retainedEarning": [0.0, -587657584.8316364, -642145060.6715183, -715896549.8674755, -813971640.634903, -924834242.8335953, -487941072.57875824, 33101777.630397797, 619144395.5652351, 1244187637.4328804, 1877065851.656746, 1906301152.2963066], "equityCost": [0.0, 6544148251.111281, 6492739027.840043, 6436563153.234353, 6373935380.665417, 6302727842.653558, 6221821867.293195, 6179136003.635711, 6182031799.964731, 6236195539.683785, 6345039059.609468, 6509247775.6261], "excessEquity": [0.0, 4353502540.833854, 5415339434.170297, 6839179056.149755, 8720532763.955206, 10847600646.207874, 12448639868.759148, 13805177458.771996, 14843572403.11445, 15500919364.190723, 15730631408.892885, 15910251260.42318], "cumulatedDiscount": [0.0, 1.0874815957424708, 1.1826162210785907, 1.2860733752494764, 1.3985811263582062, 1.5209312350673243, 1.653984726525581, 1.798677949735713, 1.9560291670053889, 2.127145719853836, 2.3132318218034165, 2.515597032897042], "presentValue": [0.0, 4003288476.6767282, 4579118176.842951, 5317876248.564021, 6235271304.327393, 7132209791.01511, 7526453944.293187, 7675180240.465196, 7588625289.181874, 7287192043.08008, 6800283162.553567, 6324642242.919338], "Price Target USD": [29.380390570412114, 31.95063402104881, 34.74572647019384, 37.785338067037806, 41.090859736811, 44.68555371701727, 48.59471726281784, 52.845860673623335, 57.46890089373619, 62.49637204948614, 67.96365440449034, 73.90922334428497], "Price Target Local": [29.380390570412114, 31.95063402104881, 34.74572647019384, 37.785338067037806, 41.090859736811, 44.68555371701727, 48.59471726281784, 52.845860673623335, 57.46890089373619, 62.49637204948614, 67.96365440449034, 73.90922334428497], "Equity Invested": 74806000000.0, "PV of Equity Excess Return": 64145498677.00011, "Terminal  Value of Excess Equity Return": 95650920027.7406, "Value of Equity": 234602418704.74072, "Number of shares": 7985000000, "Estimated Value/Share": 29.380390570412114, "Estimated Value/Share (Local Currency)": 29.380390570412114, "Current price": 49.83, "Valuation": 41.03875061125403}, "2016Q4": {"Date": ["2015", "2016", "2018", "2019", "2020", "2021", "2022", "2023", "2024", "2025", "2026", "Terminal"], "revenueGrowth": [0.0, 1.7491720092096608, 4.729481731394379, 7.709791453579097, 10.690101175763814, 10.690101175763814, 8.973080940611052, 7.256060705458289, 5.539040470305526, 3.8220202351527632, 2.1050000000000004, 2.105], "revenue": [85320000000.0, 86812393558.25768, 90918169852.18167, 97927771141.19571, 108396348955.35997, 119984028329.52194, 130750292307.33563, 140237612889.72006, 148005431022.27206, 153662228545.06836, 156896818455.94205, 160199496484.43964], "netMargin": [19.3342709798406, 19.202432639939648, 19.070594300038696, 18.938755960137744, 18.806917620236792, 18.675079280335847, 18.675079280335847, 18.675079280335847, 18.675079280335847, 18.675079280335847, 18.675079280335847, 18.675079280335847], "netIncome": [16496000000.0, 16670091396.143736, 17338635317.52966, 18546301593.63325, 20386012051.378956, 22407112414.278843, 24417720747.66579, 26189485388.005703, 27640131582.612095, 28696543004.722374, 29300605234.971783, 29917382975.16794], "netGrowth": [0.0, 1.0553552142564009, 4.010439448103905, 6.965174905562612, 9.919554302822606, 9.9141526935533, 8.973080940611052, 7.256060705458285, 5.53904047030554, 3.8220202351527455, 2.1050000000000098, 2.1049999999999986], "bvEquity": [0.0, 71997000000.0, 77493338348.00406, 83210104017.31775, 89325052414.44029, 96046576438.40498, 103434482617.4394, 110436354985.64705, 116821217922.7756, 122372353404.15544, 126902884614.84656, 130270063911.33191], "costOfEquity": [0.0, 9.392580482110704, 9.392580482110704, 9.392580482110704, 9.392580482110704, 9.392580482110704, 9.392580482110704, 9.392580482110704, 9.392580482110704, 9.392580482110704, 9.392580482110704, 9.392580482110704], "returnOnEquity": [0.22912065780518634, 0.23153869461427193, 0.223743558958139, 0.22288521102885991, 0.22822278297463783, 0.23329423333114435, 0.23606944347540904, 0.23714550694297581, 0.23660198099358576, 0.23450184789653572, 0.23088998586517442, 0.2296566231481329], "dividendpayout": [67.02874496971549, 67.02874496971549, 67.02874496971549, 67.02874496971549, 67.02874496971549, 67.02874496971549, 71.32462754994448, 75.62051013017347, 79.91639271040246, 84.21227529063145, 88.50815787086044, 88.50815787086044], "dividendPaid": [0.0, 11173753048.13967, 11621869648.215975, 12431353196.510712, 13664488027.414267, 15019206235.244425, 17415848379.458145, 19804622450.87715, 22088996101.23226, 24166011794.03125, 25933425938.486427, 26479324554.491566], "retainedEarning": [0.0, 5496338348.004066, 5716765669.313684, 6114948397.1225395, 6721524023.964689, 7387906179.034418, 7001872368.207645, 6384862937.1285515, 5551135481.379833, 4530531210.691124, 3367179296.4853554, 3438058420.6763725], "equityCost": [0.0, 6762376169.705244, 7278624172.610639, 7815575989.074602, 8389927438.713876, 9021251992.289165, 9715167026.097803, 10372823523.536377, 10972526913.578634, 11493921781.338238, 11919455571.569546, 12235720596.9689], "excessEquity": [0.0, 9907715226.438492, 10060011144.919022, 10730725604.55865, 11996084612.665081, 13385860421.989677, 14702553721.567987, 15816661864.469326, 16667604669.03346, 17202621223.384136, 17381149663.402237, 17681662378.199036], "cumulatedDiscount": [0.0, 1.0939258048211071, 1.196673666453507, 1.3090722036833777, 1.4320278639832793, 1.5665322336341598, 1.7136700344564548, 1.8746278716405917, 2.0507038032245135, 2.243317808392081, 2.4540232390148295, 2.6845193467889974], "presentValue": [0.0, 9057026703.980833, 8406645376.20614, 8197199187.611858, 8376991058.887071, 8544899450.256537, 8579570994.384209, 8437227517.92188, 8127748455.347587, 7668383480.499482, 7082716001.654458, 6586528198.930059], "Price Target USD": [31.951648000342388, 34.95273225413526, 38.23569576180159, 41.82701425912379, 45.75565023667592, 50.053286510268784, 54.754581729687246, 59.897449886291206, 65.52336607359304, 71.67770096664329, 78.41008671766191, 85.7748172187111], "Price Target Local": [31.951648000342388, 34.95273225413526, 38.23569576180159, 41.82701425912379, 45.75565023667592, 50.053286510268784, 54.754581729687246, 59.897449886291206, 65.52336607359304, 71.67770096664329, 78.41008671766191, 85.7748172187111], "Equity Invested": 71997000000.0, "PV of Equity Excess Return": 82478408226.75006, "Terminal  Value of Excess Equity Return": 98869208767.96472, "Value of Equity": 253344616994.71478, "Number of shares": 7929000000, "Estimated Value/Share": 31.951648000342388, "Estimated Value/Share (Local Currency)": 31.951648000342388, "Current price": 50.57, "Valuation": 36.81699030978369}}