{"2014Q3": {"Date": ["2013", "2014", "2015", "2016", "2017", "2018", "2019", "2020", "2021", "2022", "2023", "Terminal"], "revenueGrowth": [0.0, 57.953755243315214, 41.04701365724989, 24.140272071184565, 7.233530485119239, 7.2335304851192355, 6.2886577214953885, 5.3437849578715415, 4.3989121942476945, 3.4540394306238476, 2.5091666670000006, 2.509166667], "revenue": [2856914000.0, 4512602947.072007, 6364891695.054115, 7901393867.27641, 8472943601.415191, 9085836559.810518, 9657213722.191492, 10173274456.427467, 10620787867.04554, 10987634067.816208, 11263332119.33779, 11545947894.469719], "netMargin": [-7.094158242075191, -4.6912336090791165, -2.2883089760830417, 0.11461565691303299, 2.5175402899091077, 4.920464922905183, 4.920464922905183, 4.920464922905183, 4.920464922905183, 4.920464922905183, 4.920464922905183, 4.920464922905183], "netIncome": [-202674000.0, -211696746.0973367, -145648387.9758874, 9056234.486264959, 213309768.9069032, 447065400.8779716, 475179813.7304184, 500572401.13938653, 522592141.5341454, 540642680.1640764, 554208306.0823289, 568114316.1642921], "netGrowth": [0.0, -4.451851790232941, 31.199515032262582, 106.21787485060545, 2255.3914072169528, 109.5850570599458, 6.288657721495371, 5.343784957871551, 4.3989121942476785, 3.45403943062386, 2.5091666670000077, 2.509166667000009], "bvEquity": [0.0, 958094000.0, 746397253.9026632, 600748865.9267758, 609805100.4130408, 823114869.3199439, 1270180270.1979156, 1672283420.4654582, 2018892375.1794062, 2300380271.8461547, 2508446844.604865, 2636503905.393709], "costOfEquity": [0.0, 8.313348492240534, 8.313348492240534, 8.313348492240534, 8.313348492240534, 8.313348492240534, 8.313348492240534, 8.313348492240534, 8.313348492240534, 8.313348492240534, 8.313348492240534, 8.313348492240534], "returnOnEquity": [-0.21153874254509475, -0.22095613384212479, -0.19513521414279106, 0.015074909000941513, 0.3497999094504483, 0.5431385308922146, 0.3741042314067572, 0.2993346672061479, 0.25885091645249586, 0.23502317715939516, 0.2209368347885517, 0.21548017243670858], "dividendpayout": [-0.0, 0.0, 0.0, 0.0, 0.0, 0.0, 15.378739027061021, 30.757478054122043, 46.13621708118306, 61.514956108244085, 76.89369513530511, 76.89369513530511], "dividendPaid": [0.0, -0.0, -0.0, 0.0, 0.0, 0.0, 73076663.46287572, 153963446.42543858, 241104244.86739677, 332576107.4053661, 426151245.29348457, 436844090.2913942], "retainedEarning": [0.0, -211696746.0973367, -145648387.9758874, 9056234.486264959, 213309768.9069032, 447065400.8779716, 402103150.26754266, 346608954.71394795, 281487896.66674864, 208066572.75871032, 128057060.78884435, 131270225.87289792], "equityCost": [0.0, 79649693.10324702, 62050604.853441805, 49942346.78767572, 50695223.120793395, 68428407.5780172, 105594512.34123516, 139022748.5212536, 167837558.83193627, 191238628.645321, 208535927.9346138, 219181757.6669107], "excessEquity": [0.0, -291346439.2005837, -207698992.8293292, -40886112.301410764, 162614545.7861098, 378636993.2999544, 369585301.3891832, 361549652.61813295, 354754582.7022091, 349404051.51875544, 345672378.1477151, 348932558.4973814], "cumulatedDiscount": [0.0, 1.0831334849224052, 1.1731781461601543, 1.2707085338852548, 1.3763469626277764, 1.490767482093391, 1.614700178088814, 1.7489358309981655, 1.8943309615347057, 2.0518132959634965, 2.2223876856670683, 2.4071425188252107], "presentValue": [0.0, -268984795.7396087, -177039602.64614028, -32175838.291098457, 118149383.98646198, 253987961.13278398, 228887880.4897579, 206725510.57049742, 187271701.67498195, 170290373.0110986, 155540988.80995134, 144957166.33665526], "Price Target USD": [2.404822095686281, 2.6047433371190833, 2.821284728062208, 3.05582795946438, 3.3098695870579764, 3.5850305804687883, 3.883066666176552, 4.205879530321835, 4.555528952841298, 4.934245950355911, 5.344447011673263, 5.788749516736796], "Price Target Local": [2.404822095686281, 2.6047433371190833, 2.821284728062208, 3.05582795946438, 3.3098695870579764, 3.5850305804687883, 3.883066666176552, 4.205879530321835, 4.555528952841298, 4.934245950355911, 5.344447011673263, 5.788749516736796], "Equity Invested": 958094000.0, "PV of Equity Excess Return": 842653562.9986857, "Terminal  Value of Excess Equity Return": 2705083428.91535, "Value of Equity": 4505830991.914036, "Number of shares": 1873665000, "Estimated Value/Share": 2.404822095686281, "Estimated Value/Share (Local Currency)": 2.404822095686281, "Current price": 16.01, "Valuation": 84.97924987079149}, "2014Q1": {"Date": ["2013", "2014", "2015", "2016", "2017", "2018", "2019", "2020", "2021", "2022", "2023", "Terminal"], "revenueGrowth": [0.0, 57.953755243315214, 41.04701365724989, 24.140272071184565, 7.233530485119239, 7.2335304851192355, 6.335391054695388, 5.437251624271541, 4.539112193847694, 3.6409727634238465, 2.742833332999999, 2.742833333], "revenue": [2072246000.0, 3273190374.8793902, 4616737275.083922, 5731230214.100974, 6145800498.810332, 6590358851.446387, 7007883856.593247, 7388920135.412927, 7724311510.273122, 8005551588.52418, 8225130525.984733, 8450732147.7342005], "netMargin": [-6.517662478296496, -4.2300369980561605, -1.9424115178158248, 0.34521396242451097, 2.6328394426648467, 4.920464922905183, 4.920464922905183, 4.920464922905183, 4.920464922905183, 4.920464922905183, 4.920464922905183, 4.920464922905183], "netIncome": [-135062000.0, -138457163.87421137, -89676036.57852657, 19785006.917768754, 161809059.60017133, 324276295.5789964, 344820467.00160575, 363569223.44447124, 380072038.3989166, 393910357.798411, 404714662.3942454, 415815311.0579332], "netGrowth": [0.0, -2.513781725586302, 35.23192728402451, 122.06275798155244, 717.8367602937351, 100.40676114197815, 6.335391054695393, 5.437251624271532, 4.539112193847694, 3.6409727634238553, 2.7428333329999983, 2.7428333330000116], "bvEquity": [0.0, 912055000.0, 773597836.1257887, 683921799.5472621, 703706806.4650308, 865515866.0652021, 1189792161.6441984, 1483067544.0898337, 1737941326.5278609, 1947569491.3917913, 2105946931.1271098, 2208170101.7089615], "costOfEquity": [0.0, 8.346920706191815, 8.346920706191815, 8.346920706191815, 8.346920706191815, 8.346920706191815, 8.346920706191815, 8.346920706191815, 8.346920706191815, 8.346920706191815, 8.346920706191815, 8.346920706191815], "returnOnEquity": [-0.14808536765874866, -0.15180791056922155, -0.11592074381648743, 0.028928756081274057, 0.229938176117687, 0.37466245079159255, 0.28981571581803933, 0.24514677358649606, 0.2186909492268315, 0.20225740829248198, 0.19217704701496954, 0.18830764474898137], "dividendpayout": [-0.0, 0.0, 0.0, 0.0, 0.0, 0.0, 14.948383140995611, 29.896766281991223, 44.845149422986836, 59.793532563982446, 74.74191570497806, 74.74191570497806], "dividendPaid": [0.0, -0.0, -0.0, 0.0, 0.0, 0.0, 51545084.55597037, 108695441.006444, 170443873.53498605, 235532918.06309265, 302491491.8123934, 310788329.27931273], "retainedEarning": [0.0, -138457163.87421137, -89676036.57852657, 19785006.917768754, 161809059.60017133, 324276295.5789964, 293275382.4456354, 254873782.43802723, 209628164.86393055, 158377439.73531836, 102223170.58185196, 105026981.77862048], "equityCost": [0.0, 76128507.64685777, 64571597.96623529, 57086410.3005701, 58737849.13971082, 72243923.03997178, 99311008.30092679, 123790471.92444476, 145064584.44541875, 162562081.14445606, 175781720.4556598, 184314207.44748217], "excessEquity": [0.0, -214585671.52106914, -154247634.54476187, -37301403.38280135, 103071210.46046051, 252032372.53902465, 245509458.70067894, 239778751.52002648, 235007453.95349786, 231348276.65395495, 228932941.93858558, 231501103.61045104], "cumulatedDiscount": [0.0, 1.083469207061918, 1.1739055226513815, 1.2718904857926987, 1.3780541761114131, 1.4930792654797975, 1.6177054078499873, 1.7527339955030026, 1.8990333122981056, 2.057544117059796, 2.2292856930056915, 2.4153624021153552], "presentValue": [0.0, -198054241.06419113, -131396974.94256468, -29327527.644452386, 74794744.82730888, 168800396.84834456, 151764009.3859694, 136802704.88004905, 123751096.11379316, 112439035.80767378, 102693406.52786449, 95845287.40188396], "Price Target USD": [1.7695406492587062, 1.9172428041161622, 2.0772735407209066, 2.250661916015584, 2.438522881509862, 2.6420644528318338, 2.8625954777161873, 3.10153405238019, 3.360416640407902, 3.6409079527804242, 3.9448116525844377, 4.274081953234275], "Price Target Local": [1.7695406492587062, 1.9172428041161622, 2.0772735407209066, 2.250661916015584, 2.438522881509862, 2.6420644528318338, 2.8625954777161873, 3.10153405238019, 3.360416640407902, 3.6409079527804242, 3.9448116525844377, 4.274081953234275], "Equity Invested": 912055000.0, "PV of Equity Excess Return": 512266650.7397951, "Terminal  Value of Excess Equity Return": 1853029951.6510854, "Value of Equity": 3277351602.3908806, "Number of shares": 1852091730, "Estimated Value/Share": 1.7695406492587062, "Estimated Value/Share (Local Currency)": 1.7695406492587062, "Current price": 12.15, "Valuation": 85.4358794299695}, "2014Q2": {"Date": ["2013", "2014", "2015", "2016", "2017", "2018", "2019", "2020", "2021", "2022", "2023", "Terminal"], "revenueGrowth": [0.0, 57.953755243315214, 41.04701365724989, 24.140272071184565, 7.233530485119239, 7.2335304851192355, 6.308557721495388, 5.383584957871541, 4.458612194247694, 3.5336394306238468, 2.6086666669999996, 2.608666667], "revenue": [2436456000.0, 3848473746.8510685, 5428157291.316704, 6738529229.892399, 7225962795.985335, 7748655017.676309, 8237483392.1059675, 8680955308.910551, 9068005440.890831, 9388436056.721264, 9633349058.68556, 9884651024.495249], "netMargin": [-6.832136513033685, -4.481616225845912, -2.131095938658138, 0.21942434852963544, 2.569944635717409, 4.920464922905183, 4.920464922905183, 4.920464922905183, 4.920464922905183, 4.920464922905183, 4.920464922905183, 4.920464922905183], "netIncome": [-166462000.0, -172473823.88629758, -115679239.57922588, 14785973.863170458, 185703243.25436082, 381269852.1416952, 405322480.8387142, 427143360.94801897, 446188026.9261669, 461954702.9803524, 474005561.3336397, 486370786.41187656], "netGrowth": [0.0, -3.611529289746359, 32.92939358990105, 112.78187332226013, 1155.941914769094, 105.31135884334746, 6.308557721495394, 5.383584957871544, 4.45861219424772, 3.5336394306238312, 2.6086666669999934, 2.6086666669999956], "bvEquity": [0.0, 952333000.0, 779859176.1137024, 664179936.5344765, 678965910.397647, 864669153.6520078, 1245939005.793703, 1589670770.7765293, 1887001122.9842463, 2129787848.843838, 2310957525.632903, 2424825872.497209], "costOfEquity": [0.0, 8.53749355639923, 8.53749355639923, 8.53749355639923, 8.53749355639923, 8.53749355639923, 8.53749355639923, 8.53749355639923, 8.53749355639923, 8.53749355639923, 8.53749355639923, 8.53749355639923], "returnOnEquity": [-0.17479390087290894, -0.18110663379962427, -0.14833349804985818, 0.022262000174711603, 0.27350893529485276, 0.4409430480217407, 0.32531486610013527, 0.26869926075281997, 0.23645350365268009, 0.21690174597959413, 0.20511219097539388, 0.20057967540200616], "dividendpayout": [-0.0, 0.0, 0.0, 0.0, 0.0, 0.0, 15.195484772628763, 30.390969545257526, 45.58645431788629, 60.78193909051505, 75.97742386314381, 75.97742386314381], "dividendPaid": [0.0, -0.0, -0.0, 0.0, 0.0, 0.0, 61590715.85588796, 129813008.74030189, 203401301.06657526, 280785026.1912875, 360137214.4693335, 369531993.93865734], "retainedEarning": [0.0, -172473823.88629758, -115679239.57922588, 14785973.863170458, 185703243.25436082, 381269852.1416952, 343731764.98282623, 297330352.20771706, 242786725.85959163, 181169676.78906488, 113868346.86430615, 116838792.47321922], "equityCost": [0.0, 81305368.51046348, 66580426.90969546, 56704319.28452743, 57966670.85034648, 73821073.27721192, 106371962.33630203, 135718039.62300816, 161102599.28396112, 181830500.36001644, 197297849.84203216, 207019352.61835063], "excessEquity": [0.0, -253779192.39676106, -182259666.48892134, -41918345.42135697, 127736572.40401435, 307448778.8644833, 298950518.50241214, 291425321.3250108, 285085427.6422058, 280124202.62033594, 276707711.49160755, 279351433.79352593], "cumulatedDiscount": [0.0, 1.0853749355639923, 1.1780387507505405, 1.278613733187754, 1.3877752982698943, 1.5062565249369868, 1.6348530786963251, 1.7744285549466183, 1.925920278488094, 2.0903455981654013, 2.2688087189152473, 2.4625081170996603], "presentValue": [0.0, -233817074.70966244, -154714491.66914234, -32784213.350226544, 92044131.75768471, 204114487.65497977, 182860785.71708912, 164236153.9508577, 148025559.94997182, 134008559.57320544, 121961674.94627127, 113441832.68014799], "Price Target USD": [1.9611032285726633, 2.1285322903463917, 2.310255597480592, 2.50749352025185, 2.72157061797048, 2.9539245341125646, 3.206115650873321, 3.4798375679773383, 3.7769284761165633, 4.099383501394823, 4.449368103678499, 4.829232618830534], "Price Target Local": [1.9611032285726633, 2.1285322903463917, 2.310255597480592, 2.50749352025185, 2.72157061797048, 2.9539245341125646, 3.206115650873321, 3.4798375679773383, 3.7769284761165633, 4.099383501394823, 4.449368103678499, 4.829232618830534], "Equity Invested": 952333000.0, "PV of Equity Excess Return": 625935573.8210286, "Terminal  Value of Excess Equity Return": 2076750158.714, "Value of Equity": 3655018732.5350285, "Number of shares": 1863756420, "Estimated Value/Share": 1.9611032285726633, "Estimated Value/Share (Local Currency)": 1.9611032285726633, "Current price": 16.54, "Valuation": 88.14326947658607}, "2014Q4": {"Date": ["2013", "2014", "2016", "2017", "2018", "2019", "2020", "2021", "2022", "2023", "2024", "Terminal"], "revenueGrowth": [0.0, 50.22664802154398, 35.89560884273573, 21.564569663927486, 7.233530485119237, 7.2335304851192355, 6.231124388095388, 5.228718291071541, 4.2263121940476935, 3.2239060970238462, 2.221499999999999, 2.2215], "revenue": [3198356000.0, 4804783010.595934, 6529489125.8216715, 7937545357.058055, 8511710120.231015, 9127407266.582905, 9696147366.771744, 10203131597.667389, 10634347792.55434, 10977189179.417221, 11221047437.037975, 11470323005.851774], "netMargin": [-9.193441880766244, -6.370660520031959, -3.5478791592976737, -0.7250977985633886, 2.0976835621708965, 4.920464922905183, 4.920464922905183, 4.920464922905183, 4.920464922905183, 4.920464922905183, 4.920464922905183, 4.920464922905183], "netIncome": [-294039000.0, -306096414.3292382, -231658383.90363497, -57554966.64399842, 178548744.05172265, 449110872.92291063, 477095530.05519825, 502041511.3010791, 523259352.912378, 540128743.0941677, 552127703.1220047, 564393220.0468601], "netGrowth": [0.0, -4.100617377027596, 24.31849147554452, 75.15524123316854, 410.2229997910023, 151.53404203885668, 6.231124388095399, 5.228718291071535, 4.2263121940477095, 3.2239060970238493, 2.221500000000019, 2.221500000000003], "bvEquity": [0.0, 911710000.0, 605613585.6707618, 373955201.76712686, 316400235.1231284, 494948979.17485106, 944059852.0977616, 1345256403.6623902, 1687562870.440184, 1961093304.0703516, 2157515453.648544, 2270465612.406883], "costOfEquity": [0.0, 8.828725608148794, 8.828725608148794, 8.828725608148794, 8.828725608148794, 8.828725608148794, 8.828725608148794, 8.828725608148794, 8.828725608148794, 8.828725608148794, 8.828725608148794, 8.828725608148794], "returnOnEquity": [-0.3225137379210495, -0.33573879230154124, -0.38251847280978046, -0.1539087205419852, 0.564312931000951, 0.9073882194315079, 0.5053657657351506, 0.37319392045583083, 0.3100680644721053, 0.2754222565408297, 0.2559090374941739, 0.24858038675536523], "dividendpayout": [-0.0, 0.0, 0.0, 0.0, 0.0, 0.0, 15.908549485212845, 31.81709897042569, 47.725648455638535, 63.63419794085138, 79.54274742606422, 79.54274742606422], "dividendPaid": [0.0, -0.0, -0.0, -0.0, 0.0, 0.0, 75898978.49056974, 159735044.5232852, 249728919.28221053, 343706593.5159753, 439177544.36366594, 448933873.5117048], "retainedEarning": [0.0, -306096414.3292382, -231658383.90363497, -57554966.64399842, 178548744.05172265, 449110872.92291063, 401196551.5646285, 342306466.7777939, 273530433.6301675, 196422149.5781924, 112950158.75833881, 115459346.5351553], "equityCost": [0.0, 80492374.24205336, 53467961.724542685, 33015478.661418818, 27934108.582558632, 43697687.271681115, 83348453.91840671, 118768996.60540295, 148990295.29616338, 173139546.7361504, 190481119.3560366, 200453178.9467788], "excessEquity": [0.0, -386588788.57129157, -285126345.62817764, -90570445.30541724, 150614635.469164, 405413185.6512295, 393747076.1367915, 383272514.69567615, 374269057.61621463, 366989196.3580173, 361646583.76596814, 363940041.1000813], "cumulatedDiscount": [0.0, 1.088287256081488, 1.1843691517493742, 1.2889338543448858, 1.402730287615532, 1.5265734957315038, 1.6613504808763635, 1.8080265562225983, 1.9676522597939539, 2.141370878733701, 2.3304266378699046, 2.536173611226646], "presentValue": [0.0, -355226789.9959171, -240741111.1704753, -70267721.65236564, 107372484.07545991, 265570695.93099645, 237004220.7644769, 211983896.68369943, 190210976.43310556, 171380492.7500631, 155184710.7688944, 143499656.13121337], "Price Target USD": [2.0971491245147744, 2.282300666311879, 2.4837987296935062, 2.7030865041968313, 2.9417345946032714, 3.201452270080783, 3.4840997064820662, 3.791701309481686, 4.126460213976409, 4.490774063597816, 4.887252183354781, 5.318734268401436], "Price Target Local": [2.0971491245147744, 2.282300666311879, 2.4837987296935062, 2.7030865041968313, 2.9417345946032714, 3.201452270080783, 3.4840997064820662, 3.791701309481686, 4.126460213976409, 4.490774063597816, 4.887252183354781, 5.318734268401436], "Equity Invested": 911710000.0, "PV of Equity Excess Return": 672471854.5879377, "Terminal  Value of Excess Equity Return": 2363607000.6005216, "Value of Equity": 3947788855.1884594, "Number of shares": 1882455000, "Estimated Value/Share": 2.0971491245147744, "Estimated Value/Share (Local Currency)": 2.0971491245147744, "Current price": 13.81, "Valuation": 84.81427136484596}, "2021Q3": {"Date": ["2020", "2021", "2022", "2023", "2024", "2025", "2026", "2027", "2028", "2029", "2030", "Terminal"], "revenueGrowth": [0.0, 36.5279975194872, 26.763175174697878, 16.998352829908555, 7.233530485119234, 7.2335304851192355, 6.051757721495388, 4.869984957871541, 3.6882121942476935, 2.506439430623846, 1.3246666669999991, 1.324666667], "revenue": [46848000000.0, 63960636277.92937, 81078533407.84297, 94860548585.82341, 101722315286.1303, 109080429972.52164, 115681713316.0241, 121315395353.52255, 125789764558.45096, 128942608817.03288, 130650668575.59232, 132381354432.42583], "netMargin": [7.402663934426229, 7.193758126458781, 6.984852318491333, 6.775946510523885, 6.567040702556437, 6.358134894588989, 6.358134894588989, 6.358134894588989, 6.358134894588989, 6.358134894588989, 6.358134894588989, 6.358134894588989], "netIncome": [3468000000.0, 4601173469.978287, 5663215820.5364895, 6427700031.764915, 6680145848.422965, 6935480881.250605, 7355199381.004525, 7713396484.4809065, 7997882914.212203, 8198345005.189146, 8306945748.718546, 8416985090.097593], "netGrowth": [0.0, 32.675128892107466, 23.081988920604957, 13.49911844179028, 3.9274672963967348, 3.8222972764571983, 6.051757721495398, 4.869984957871544, 3.688212194247679, 2.5064394306238564, 1.324666666999998, 1.324666666999991], "bvEquity": [0.0, 27053000000.0, 31654173469.978287, 37317389290.51478, 43745089322.27969, 50425235170.70266, 57360716051.95326, 63424320838.34372, 68428727208.64771, 72213254995.99649, 74652986239.69852, 75666311740.33354], "costOfEquity": [0.0, 6.504278177279814, 6.504278177279814, 6.504278177279814, 6.504278177279814, 6.504278177279814, 6.504278177279814, 6.504278177279814, 6.504278177279814, 6.504278177279814, 6.504278177279814, 6.504278177279814], "returnOnEquity": [0.12819280671274905, 0.17007997153655, 0.17890897786061744, 0.17224409729537776, 0.15270618832685107, 0.13753988172335105, 0.12822711931180755, 0.12161575216770325, 0.11687902494263355, 0.11352964224703156, 0.1112741253517482, 0.11123821019560759], "dividendpayout": [0.0, 0.0, 0.0, 0.0, 0.0, 0.0, 17.560293442890618, 35.120586885781236, 52.680880328671854, 70.24117377156247, 87.80146721445308, 87.8014672144531], "dividendPaid": [0.0, 0.0, 0.0, 0.0, 0.0, 0.0, 1291594594.614069, 2708990114.1769123, 4213355126.863424, 5758613761.487121, 7293620248.083519, 7390236404.327444], "retainedEarning": [0.0, 4601173469.978287, 5663215820.5364895, 6427700031.764915, 6680145848.422965, 6935480881.250605, 6063604786.390456, 5004406370.303994, 3784527787.348779, 2439731243.7020254, 1013325500.6350269, 1026748685.7701492], "equityCost": [0.0, 1759602375.299508, 2058875497.206094, 2427226807.953507, 2845302298.4206, 3279797567.050039, 3730900536.4986353, 4125294259.376324, 4450794770.822408, 4696950985.808024, 4855637892.676413, 4921547402.079028], "excessEquity": [0.0, 2841571094.6787786, 3604340323.3303957, 4000473223.8114085, 3834843550.002365, 3655683314.200566, 3624298844.50589, 3588102225.1045823, 3547088143.3897953, 3501394019.3811216, 3451307856.0421333, 3495437688.018565], "cumulatedDiscount": [0.0, 1.065042781772798, 1.13431612700634, 1.2080952033165788, 1.2866730759866631, 1.3703618720809985, 1.4594940202765259, 1.5544235713360757, 1.6555276044689815, 1.7632077251653007, 1.877891660453339, 2.0000349579171632], "presentValue": [0.0, 2668034696.1733236, 3177544810.9363346, 3311389046.8474054, 2980433508.3810477, 2667677340.328459, 2483257070.0215716, 2308316916.489176, 2142572635.946799, 1985809141.718039, 1837863135.9430811, 1747688296.2379391], "Price Target USD": [26.284428119706757, 27.99404044191964, 29.814850705322304, 31.75409153333714, 33.819465979333444, 36.0191781246998, 38.36196566710019, 40.85713462836097, 43.51459631985528, 46.34490671221903, 49.359308365782574, 52.56977508827442], "Price Target Local": [26.284428119706757, 27.99404044191964, 29.814850705322304, 31.75409153333714, 33.819465979333444, 36.0191781246998, 38.36196566710019, 40.85713462836097, 43.51459631985528, 46.34490671221903, 49.359308365782574, 52.56977508827442], "Equity Invested": 27053000000.0, "PV of Equity Excess Return": 25562898302.785236, "Terminal  Value of Excess Equity Return": 35936340032.506836, "Value of Equity": 88552238335.29207, "Number of shares": 3369000000, "Estimated Value/Share": 26.284428119706757, "Estimated Value/Share (Local Currency)": 26.284428119706757, "Current price": 341.62, "Valuation": 92.30594575267644}, "2021Q1": {"Date": ["2020", "2021", "2022", "2023", "2024", "2025", "2026", "2027", "2028", "2029", "2030", "Terminal"], "revenueGrowth": [0.0, 36.5279975194872, 26.763175174697878, 16.998352829908555, 7.233530485119234, 7.2335304851192355, 6.051357721495388, 4.869184957871541, 3.6870121942476937, 2.5048394306238464, 1.3226666669999994, 1.322666667], "revenue": [35940000000.0, 49068162308.5037, 62200360542.13363, 72773397288.56073, 78037483166.4857, 83682348301.15323, 88746266546.60373, 93067486407.96355, 96498895980.70499, 98916038377.34637, 100224367845.28047, 101550002150.98146], "netMargin": [3.1803005008347247, 3.5283333852488163, 3.876366269662908, 4.224399154077, 4.572432038491092, 4.920464922905183, 4.920464922905183, 4.920464922905183, 4.920464922905183, 4.920464922905183, 4.920464922905183, 4.920464922905183], "netIncome": [1143000000.0, 1731288352.2590125, 2411113795.663985, 3074238779.451054, 3568210882.336485, 4117560594.8215866, 4366728915.813574, 4579353023.333396, 4748194327.721349, 4867128971.484758, 4931504864.030487, 4996732235.048502], "netGrowth": [0.0, 51.46879722301071, 39.267025768291305, 27.50284888998591, 16.068111110537618, 15.395662717260263, 6.051357721495381, 4.869184957871553, 3.687012194247695, 2.504839430623855, 1.322666666999997, 1.3226666669999996], "bvEquity": [0.0, 23017000000.0, 24748288352.259014, 27159402147.923, 30233640927.374054, 33801851809.71054, 37919412404.53213, 41519170060.300064, 44489890065.0915, 46736169121.6684, 48183852451.31733, 48784515428.42709], "costOfEquity": [0.0, 5.756177555552232, 5.756177555552232, 5.756177555552232, 5.756177555552232, 5.756177555552232, 5.756177555552232, 5.756177555552232, 5.756177555552232, 5.756177555552232, 5.756177555552232, 5.756177555552232], "returnOnEquity": [0.04965894773428336, 0.07521781084672254, 0.09742547691965531, 0.11319243195072153, 0.11802120991341687, 0.12181464548160348, 0.1151581377165977, 0.11029490754951522, 0.10672524298833831, 0.10414052034975625, 0.10234766655516067, 0.10242455400380732], "dividendpayout": [0.0, 0.0, 0.0, 0.0, 0.0, 0.0, 17.563976945492257, 35.127953890984514, 52.69193083647677, 70.25590778196903, 87.81988472746129, 87.81988472746129], "dividendPaid": [0.0, 0.0, 0.0, 0.0, 0.0, 0.0, 766971260.0456401, 1608633018.5419607, 2501915271.1444464, 3419445641.8358297, 4330841886.92072, 4388124488.959495], "retainedEarning": [0.0, 1731288352.2590125, 2411113795.663985, 3074238779.451054, 3568210882.336485, 4117560594.8215866, 3599757655.767934, 2970720004.7914352, 2246279056.5769024, 1447683329.6489286, 600662977.109767, 608607746.0890074], "equityCost": [0.0, 1324899387.9614573, 1424555419.5160806, 1563343410.6609144, 1740302053.2877588, 1945694607.231584, 2182708706.026967, 2389917148.262554, 2560917066.416659, 2690216877.3064094, 2773548100.203132, 2808123327.676036], "excessEquity": [0.0, 406388964.2975552, 986558376.1479042, 1510895368.7901397, 1827908829.048726, 2171865987.5900025, 2184020209.786607, 2189435875.070842, 2187277261.30469, 2176912094.178349, 2157956763.827355, 2188608907.372466], "cumulatedDiscount": [0.0, 1.0575617755555222, 1.1184369091161488, 1.1828161234517045, 1.2509011196732844, 1.3229052091660696, 1.399053981897318, 1.4795860131933511, 1.5647536111998768, 1.654823607367457, 1.750078192438722, 1.8508158005564939], "presentValue": [0.0, 384269717.0896564, 882086748.1273822, 1277371299.5905325, 1461273637.3008819, 1641739689.6933372, 1561069292.5692272, 1479762484.6057043, 1397841325.0808558, 1315494947.308279, 1233063055.7828143, 1182510386.346608], "Price Target USD": [18.78739744888493, 19.86883340411004, 21.012518733067484, 22.22203662023652, 23.50117650455717, 24.8539459518032, 26.28458321034998, 27.79757048967459, 29.39764800319005, 31.08982881940992, 32.879414567972404, 34.772012049730996], "Price Target Local": [18.78739744888493, 19.86883340411004, 21.012518733067484, 22.22203662023652, 23.50117650455717, 24.8539459518032, 26.28458321034998, 27.79757048967459, 29.39764800319005, 31.08982881940992, 32.879414567972404, 34.772012049730996], "Equity Invested": 23017000000.0, "PV of Equity Excess Return": 12633972197.148672, "Terminal  Value of Excess Equity Return": 28207391731.611217, "Value of Equity": 63858363928.75989, "Number of shares": 3399000000, "Estimated Value/Share": 18.78739744888493, "Estimated Value/Share (Local Currency)": 18.78739744888493, "Current price": 231.47, "Valuation": 91.88344172079105}, "2021Q2": {"Date": ["2020", "2021", "2022", "2023", "2024", "2025", "2026", "2027", "2028", "2029", "2030", "Terminal"], "revenueGrowth": [0.0, 36.5279975194872, 26.763175174697878, 16.998352829908555, 7.233530485119234, 7.2335304851192355, 6.104224388095388, 4.974918291071541, 3.8456121940476935, 2.716306097023846, 1.586999999999999, 1.587], "revenue": [41862000000.0, 57153350321.607735, 72449401586.38837, 84764606491.20003, 90896080142.33234, 97471075809.20636, 103420928990.09088, 108566035703.21503, 112741064410.81203, 115803456817.2525, 117641257676.9423, 119508224436.27539], "netMargin": [5.209975634226745, 5.195355714032463, 5.18073579383818, 5.166115873643898, 5.151495953449616, 5.136876033255335, 5.136876033255335, 5.136876033255335, 5.136876033255335, 5.136876033255335, 5.136876033255335, 5.136876033255335], "netIncome": [2181000000.0, 2969319851.6946383, 3753412080.4075885, 4379037791.173671, 4682507890.376571, 5006968332.59926, 5312604914.661998, 5576902668.293883, 5791368717.355964, 5948680018.926636, 6043085570.827002, 6138989338.836026], "netGrowth": [0.0, 36.144880866329125, 26.40645898303803, 16.668186102767184, 6.930063490535984, 6.929202252697032, 6.104224388095396, 4.974918291071544, 3.8456121940476864, 2.716306097023851, 1.587000000000002, 1.5870000000000015], "bvEquity": [0.0, 24804000000.0, 27773319851.694637, 31526731932.102226, 35905769723.275894, 40588277613.652466, 45595245946.251724, 50000609845.56745, 53672761484.735664, 56497129651.63967, 58382351847.496155, 59265506294.9203], "costOfEquity": [0.0, 5.825669327941759, 5.825669327941759, 5.825669327941759, 5.825669327941759, 5.825669327941759, 5.825669327941759, 5.825669327941759, 5.825669327941759, 5.825669327941759, 5.825669327941759, 5.825669327941759], "returnOnEquity": [0.08792936623125303, 0.11971133090205766, 0.1351445236093577, 0.13889919832492048, 0.1304110154569709, 0.12335996073198958, 0.116516641250813, 0.11153669296272144, 0.10790144865199469, 0.10529172111231304, 0.10350877242171551, 0.10358452534408205], "dividendpayout": [0.0, 0.0, 0.0, 0.0, 0.0, 0.0, 17.077140685587572, 34.154281371175145, 51.23142205676272, 68.30856274235029, 85.38570342793787, 85.38570342793786], "dividendPaid": [0.0, 0.0, 0.0, 0.0, 0.0, 0.0, 907241015.3462689, 1904751029.1256673, 2967000550.4519596, 4063457823.070156, 5159931123.402849, 5241819230.331252], "retainedEarning": [0.0, 2969319851.6946383, 3753412080.4075885, 4379037791.173671, 4682507890.376571, 5006968332.59926, 4405363899.315729, 3672151639.1682158, 2824368166.904004, 1885222195.8564796, 883154447.4241524, 897170108.5047741], "equityCost": [0.0, 1444999020.1026738, 1617981775.951334, 1836643152.2708995, 2091751413.730282, 2364538839.678403, 2656228258.0903945, 2912870191.55705, 3126797603.2755833, 3291335953.2830606, 3401162764.510622, 3452612422.2725644], "excessEquity": [0.0, 1524320831.5919645, 2135430304.4562545, 2542394638.902771, 2590756476.646289, 2642429492.9208574, 2656376656.5716033, 2664032476.736833, 2664571114.0803804, 2657344065.643575, 2641922806.3163795, 2686376916.563462], "cumulatedDiscount": [0.0, 1.0582566932794175, 1.119907228870687, 1.185149320804409, 1.2541922012768214, 1.3272572916600427, 1.4045789126031523, 1.4864050355014118, 1.5729980777435992, 1.6646357442878215, 1.761611918264752, 1.864237603464468], "presentValue": [0.0, 1440407456.2177038, 1906792142.6041865, 2145210391.8661864, 2065677392.9935043, 1990894689.0138288, 1891226354.558074, 1792265508.4642997, 1693944291.3386123, 1596351679.1960168, 1499718967.0008385, 1441005648.40616], "Price Target USD": [23.474433449697663, 24.8419763190848, 26.289187713960278, 27.820708859177493, 29.44145136200257, 31.156612963699644, 32.971694208751416, 34.89251608517339, 36.92523869249448, 39.07638099727241, 41.352841739500164, 43.76192155695052], "Price Target Local": [23.474433449697663, 24.8419763190848, 26.289187713960278, 27.820708859177493, 29.44145136200257, 31.156612963699644, 32.971694208751416, 34.89251608517339, 36.92523869249448, 39.07638099727241, 41.352841739500164, 43.76192155695052], "Equity Invested": 24804000000.0, "PV of Equity Excess Return": 18022488873.25325, "Terminal  Value of Excess Equity Return": 35977184217.381805, "Value of Equity": 78803673090.63506, "Number of shares": 3357000000, "Estimated Value/Share": 23.474433449697663, "Estimated Value/Share (Local Currency)": 23.474433449697663, "Current price": 214.93, "Valuation": 89.07810289410614}, "2021Q4": {"Date": ["2020", "2021", "2023", "2024", "2025", "2026", "2027", "2028", "2029", "2030", "2031", "Terminal"], "revenueGrowth": [0.0, 36.25959124778137, 26.584237660227327, 16.90888407267328, 7.2335304851192355, 7.2335304851192355, 6.092157721495388, 4.950784957871541, 3.8094121942476935, 2.668039430623846, 1.526666666999999, 1.526666667], "revenue": [53823000000.0, 73338999797.29337, 92835613801.03947, 108533080116.81192, 116383853553.5004, 124802515080.04938, 132405681139.11905, 138960801684.3219, 144254391408.9088, 148103155452.10495, 150364196959.16745, 152659757033.2453], "netMargin": [10.253980640246734, 9.870249464796382, 9.48651828934603, 9.102787113895678, 8.719055938445326, 8.335324762994974, 8.335324762994974, 8.335324762994974, 8.335324762994974, 8.335324762994974, 8.335324762994974, 8.335324762994974], "netIncome": [5519000000.0, 7238742234.979368, 8806867482.262257, 9879535231.187227, 10147573294.647987, 10402694944.307892, 11036443527.601156, 11582834113.64962, 12024072008.81447, 12344878991.176245, 12533344143.81602, 12724686531.120056], "netGrowth": [0.0, 31.160395632893064, 21.662951882791525, 12.179901095201105, 2.713063491232167, 2.514114875075209, 6.092157721495395, 4.9507849578715275, 3.8094121942476926, 2.6680394306238426, 1.526666667000006, 1.526666667000011], "bvEquity": [0.0, 30189000000.0, 37427742234.97937, 46234609717.24162, 56114144948.42885, 66261718243.076836, 76664413187.38474, 85803884142.01163, 93404943044.11719, 99228828889.93143, 103086228448.30612, 104848253901.90887], "costOfEquity": [0.0, 6.367354811677771, 6.367354811677771, 6.367354811677771, 6.367354811677771, 6.367354811677771, 6.367354811677771, 6.367354811677771, 6.367354811677771, 6.367354811677771, 6.367354811677771, 6.367354811677771], "returnOnEquity": [0.1828149325913412, 0.2397807888628099, 0.23530319908080105, 0.21368267822758308, 0.18083806327217522, 0.15699404150894905, 0.14395784261239505, 0.1349919555445671, 0.12873057481695846, 0.1244081899310701, 0.12158116881830652, 0.12136288452666726], "dividendpayout": [0.0, 0.0, 0.0, 0.0, 0.0, 0.0, 17.18825968012353, 34.37651936024706, 51.56477904037059, 68.75303872049412, 85.94129840061765, 85.94129840061765], "dividendPaid": [0.0, 0.0, 0.0, 0.0, 0.0, 0.0, 1896972572.9742725, 3981775211.5440626, 6200186163.000231, 8487479432.801547, 10771318690.213263, 10935760822.25309], "retainedEarning": [0.0, 7238742234.979368, 8806867482.262257, 9879535231.187227, 10147573294.647987, 10402694944.307892, 9139470954.626884, 7601058902.105557, 5823885845.8142395, 3857399558.3746977, 1762025453.6027565, 1788925708.8669662], "equityCost": [0.0, 1922240744.0974023, 2383157146.101312, 2943921646.491223, 3572986708.405623, 4219118704.85092, 4881495201.93147, 5463437745.522798, 5947424135.264477, 6318251610.89455, 6563865927.280359, 6676060339.78332], "excessEquity": [0.0, 5316501490.881966, 6423710336.160944, 6935613584.696005, 6574586586.242365, 6183576239.456972, 6154948325.669686, 6119396368.126822, 6076647873.5499935, 6026627380.281694, 5969478216.53566, 6048626191.336736], "cumulatedDiscount": [0.0, 1.0636735481167776, 1.1314014169633348, 1.20344175952574, 1.2800691663066417, 1.361575711960271, 1.448272068570409, 1.5404886898147119, 1.6385770705289806, 1.7429110864723563, 1.853888419400119, 1.9719320728759293], "presentValue": [0.0, 4998245467.601195, 5677658026.451912, 5763148511.174513, 5136118234.307518, 4541485416.594594, 4249856404.2219243, 3972373447.8458624, 3708490728.2318273, 3457793932.838857, 3219977078.4841857, 3067360318.6113935], "Price Target USD": [33.058095737981326, 35.16302198760272, 37.401976360061646, 39.78349290148661, 42.3166490510029, 45.01110024049272, 47.87711669744484, 50.92562259117217, 54.16823767160803, 57.61732155939221, 61.28602085606402, 65.18831925392846], "Price Target Local": [33.058095737981326, 35.16302198760272, 37.401976360061646, 39.78349290148661, 42.3166490510029, 45.01110024049272, 47.87711669744484, 50.92562259117217, 54.16823767160803, 57.61732155939221, 61.28602085606402, 65.18831925392846], "Equity Invested": 30189000000.0, "PV of Equity Excess Return": 44725147247.752396, "Terminal  Value of Excess Equity Return": 67400954904.257225, "Value of Equity": 142315102152.0096, "Number of shares": 4305000000, "Estimated Value/Share": 33.058095737981326, "Estimated Value/Share (Local Currency)": 33.058095737981326, "Current price": 302.45, "Valuation": 89.06989725971852}, "2018Q3": {"Date": ["2017", "2018", "2019", "2020", "2021", "2022", "2023", "2024", "2025", "2026", "2027", "Terminal"], "revenueGrowth": [0.0, 41.87348021706326, 30.326830306415253, 18.780180395767246, 7.233530485119237, 7.2335304851192355, 6.373591054695388, 5.5136516242715405, 4.653712193847693, 3.793772763423846, 2.933833332999999, 2.933833333], "revenue": [17523644000.0, 24861403603.64859, 32401079286.320107, 38486060426.4666, 41269961339.93647, 44255236574.6577, 47075884374.21436, 49671484637.65342, 51983052575.10108, 53955171465.291565, 55538126270.61759, 57167522331.668594], "netMargin": [-10.220043274104404, -7.191941634702486, -4.1638399953005685, -1.135738355898651, 1.8923632835032667, 4.920464922905183, 4.920464922905183, 4.920464922905183, 4.920464922905183, 4.920464922905183, 4.920464922905183, 4.920464922905183], "netIncome": [-1790924000.0, -1788017636.7422273, -1349129098.2328446, -437100949.937713, 780977595.5129505, 2177563392.2047377, 2316352377.78062, 2444067978.2819734, 2557807867.8132086, 2654845286.0430183, 2732734021.9845276, 2812907883.6237407], "netGrowth": [0.0, 0.16228289183531427, 24.546096721341, 67.60125102110322, 278.672134120102, 178.825334390611, 6.373591054695379, 5.513651624271525, 4.653712193847703, 3.793772763423848, 2.933833332999999, 2.933833332999981], "bvEquity": [0.0, 4508838000.0, 2720820363.2577724, 1371691265.0249279, 934590315.0872148, 1715567910.6001654, 3893131302.804903, 5871374789.218769, 7601940692.005936, 9039688946.940947, 10144464727.109724, 10882766296.94144], "costOfEquity": [0.0, 9.528807146247036, 9.528807146247036, 9.528807146247036, 9.528807146247036, 9.528807146247036, 9.528807146247036, 9.528807146247036, 9.528807146247036, 9.528807146247036, 9.528807146247036, 9.528807146247036], "returnOnEquity": [-0.397203004410449, -0.39655841188843494, -0.49585379338217894, -0.3186584044695871, 0.8356363027794383, 1.2692959449462715, 0.5949843962652239, 0.41626843218556914, 0.33646774836101434, 0.2936876812494112, 0.2693817855841779, 0.2584736092710451], "dividendpayout": [-0.0, 0.0, 0.0, 0.0, 0.0, 0.0, 14.596608642537714, 29.193217285075427, 43.78982592761314, 58.386434570150854, 72.98304321268857, 72.98304321268857], "dividendPaid": [0.0, -0.0, -0.0, -0.0, 0.0, 0.0, 338108891.3667538, 713502075.4948066, 1120059612.8781972, 1550069505.8742414, 1994432452.15281, 2052945776.238238], "retainedEarning": [0.0, -1788017636.7422273, -1349129098.2328446, -437100949.937713, 780977595.5129505, 2177563392.2047377, 1978243486.4138663, 1730565902.7871666, 1437748254.9350114, 1104775780.168777, 738301569.8317175, 759962107.3855026], "equityCost": [0.0, 429638477.55670196, 259261725.21065122, 130705815.28614171, 89055308.73216322, 163473157.66398954, 370968973.794454, 559471980.498025, 724374267.913323, 861374526.3746125, 966646479.8653413, 1036997812.6123201], "excessEquity": [0.0, -2217656114.298929, -1608390823.4434958, -567806765.2238548, 691922286.7807873, 2014090234.5407481, 1945383403.986166, 1884595997.7839484, 1833433599.8998857, 1793470759.668406, 1766087542.1191864, 1775910071.0114207], "cumulatedDiscount": [0.0, 1.0952880714624704, 1.1996559594879777, 1.3139688622860466, 1.4391744211350204, 1.5763105762230938, 1.7265141710572878, 1.8910303767699626, 2.071223014449321, 2.2685858610648815, 2.484755032712782, 2.7215225478366505], "presentValue": [0.0, -2024724063.0839977, -1340710068.3515708, -432131066.0558448, 480777226.5957141, 1277724240.9719744, 1126769439.022239, 996597421.6675438, 885193717.4845188, 790567723.4656417, 710769278.6081307, 652542846.8057702], "Price Target USD": [6.673053259116589, 7.308915634944162, 8.005368110279889, 8.768184198855622, 9.60368756139228, 10.518804428045465, 11.521121016084813, 12.618946418793271, 13.82138148692833, 15.138394273764822, 16.580902669150376, 18.160864907600644], "Price Target Local": [6.673053259116589, 7.308915634944162, 8.005368110279889, 8.768184198855622, 9.60368756139228, 10.518804428045465, 11.521121016084813, 12.618946418793271, 13.82138148692833, 15.138394273764822, 16.580902669150376, 18.160864907600644], "Equity Invested": 4508838000.0, "PV of Equity Excess Return": 2470833850.3243484, "Terminal  Value of Excess Equity Return": 10837380351.516945, "Value of Equity": 17817052201.841293, "Number of shares": 2670000000, "Estimated Value/Share": 6.673053259116589, "Estimated Value/Share (Local Currency)": 6.673053259116589, "Current price": 23.09, "Valuation": 71.09981264999313}, "2018Q1": {"Date": ["2017", "2018", "2019", "2020", "2021", "2022", "2023", "2024", "2025", "2026", "2027", "Terminal"], "revenueGrowth": [0.0, 41.87348021706326, 30.326830306415253, 18.780180395767246, 7.233530485119237, 7.2335304851192355, 6.337457721495388, 5.441384957871541, 4.545312194247694, 3.6492394306238474, 2.7531666670000003, 2.753166667], "revenue": [12471232000.0, 17693370864.344063, 23059209421.858406, 27389770549.121174, 29371017951.59606, 31495579488.914604, 33491598523.16454, 35314005327.354744, 36919137117.77628, 38266404826.92426, 39319942729.27843, 40402486285.98441], "netMargin": [-18.768586776350567, -14.030776436499417, -9.292966096648268, -4.555155756797118, 0.18265458305403115, 4.920464922905183, 4.920464922905183, 4.920464922905183, 4.920464922905183, 4.920464922905183, 4.920464922905183, 4.920464922905183], "netIncome": [-2340674000.0, -2482517310.05684, -2142884513.7284248, -1247646709.941815, 53647510.37821243, 1549728941.017763, 1647942357.4525416, 1737613245.005358, 1816593191.7194498, 1882885026.7657044, 1934723989.7005522, 1987990165.6834404], "netGrowth": [0.0, -6.059934448660512, 13.680984013788766, 41.7772305530818, 104.29989595217337, 2788.7248077166055, 6.337457721495373, 5.441384957871549, 4.545312194247705, 3.649239430623859, 2.753166667000023, 2.7531666670000057], "bvEquity": [0.0, 4450695000.0, 1968177689.94316, -174706823.78526473, -1422353533.7270796, -1368706023.3488672, 181022917.66889572, 1582938164.6048975, 2801722624.2093096, 3804699055.7521963, 4563173970.780446, 5053689215.313264], "costOfEquity": [0.0, 8.696351909775908, 8.696351909775908, 8.696351909775908, 8.696351909775908, 8.696351909775908, 8.696351909775908, 8.696351909775908, 8.696351909775908, 8.696351909775908, 8.696351909775908, 8.696351909775908], "returnOnEquity": [-0.5259120204821943, -0.5577819441810413, -1.0887657779467617, 7.141373661943049, -0.03771742334526114, -1.132258435764007, 9.103501250967293, 1.0977139119259707, 0.6483843818165694, 0.4948840891683756, 0.423986462512551, 0.39337404438318047], "dividendpayout": [-0.0, 0.0, 0.0, 0.0, 0.0, 0.0, 14.929351709659244, 29.858703419318488, 44.78805512897773, 59.717406838636975, 74.64675854829622, 74.64675854829622], "dividendPaid": [0.0, -0.0, -0.0, -0.0, 0.0, 0.0, 246027110.51653987, 518828785.4009458, 813616760.1765633, 1124410111.7374544, 1444208745.1677346, 1483970218.9415917], "retainedEarning": [0.0, -2482517310.05684, -2142884513.7284248, -1247646709.941815, 53647510.37821243, 1549728941.017763, 1401915246.9360018, 1218784459.604412, 1002976431.5428865, 758474915.02825, 490515244.5328176, 504019946.7418487], "equityCost": [0.0, 387048099.63080084, 171159658.12715536, -15193120.2067587, -123692868.69404, -119027492.4007171, 15742389.957831083, 137657873.30818972, 243647658.93704998, 330870018.9961321, 396829666.75436246, 439486598.5900341], "excessEquity": [0.0, -2869565409.6876407, -2314044171.8555803, -1232453589.7350562, 177340379.07225242, 1668756433.41848, 1632199967.4947104, 1599955371.6971684, 1572945532.7823997, 1552015007.7695723, 1537894322.9461899, 1548503567.0934062], "cumulatedDiscount": [0.0, 1.0869635190977591, 1.1814896918493845, 1.2842361932303339, 1.3959178919463535, 1.517311824201534, 1.6492626000027397, 1.7926882796152979, 1.9485867610559517, 2.1180427230646814, 2.3022351718617866, 2.502445644197522], "presentValue": [0.0, -2639983181.8362603, -1958581769.963147, -959678286.776029, 127042127.68917485, 1099811130.9760878, 989654387.0527344, 892489447.211933, 807223760.4293331, 732759066.126815, 668000533.4565866, 618796084.815651], "Price Target USD": [6.119661290034463, 6.651848571502192, 7.230316731785425, 7.859090518972894, 8.542544687410611, 9.285434435477704, 10.092928490338359, 10.970645069860216, 11.924690971907742, 12.961704062978116, 14.088899461798416, 15.31411973921093], "Price Target Local": [6.119661290034463, 6.651848571502192, 7.230316731785425, 7.859090518972894, 8.542544687410611, 9.285434435477704, 10.092928490338359, 10.970645069860216, 11.924690971907742, 12.961704062978116, 14.088899461798416, 15.31411973921093], "Equity Invested": 4450695000.0, "PV of Equity Excess Return": -241262785.63277113, "Terminal  Value of Excess Equity Return": 11317311214.09531, "Value of Equity": 15526743428.46254, "Number of shares": 2537190000, "Estimated Value/Share": 6.119661290034463, "Estimated Value/Share (Local Currency)": 6.119661290034463, "Current price": 20.18, "Valuation": 69.67462195225737}, "2018Q2": {"Date": ["2017", "2018", "2019", "2020", "2021", "2022", "2023", "2024", "2025", "2026", "2027", "Terminal"], "revenueGrowth": [0.0, 41.87348021706326, 30.326830306415253, 18.780180395767246, 7.233530485119237, 7.2335304851192355, 6.3687910546953885, 5.504051624271542, 4.639312193847695, 3.7745727634238477, 2.909833333000001, 2.909833333], "revenue": [13683906000.0, 19413833671.83153, 25301434065.457584, 30053089025.666626, 32226988382.058243, 34558137411.11026, 36759072975.21839, 38782311328.37806, 40581543826.89148, 42113323727.15824, 43338751258.60529, 44599836688.834145], "netMargin": [-19.89063648931818, -14.928416206873507, -9.966195924428835, -5.003975641984162, -0.041755359539489945, 4.920464922905183, 4.920464922905183, 4.920464922905183, 4.920464922905183, 4.920464922905183, 4.920464922905183, 4.920464922905183], "netIncome": [-2721816000.0, -2898177892.241164, -2521590490.6536827, -1503849254.5081735, -13456494.867678072, 1700421029.3230538, 1808717291.7307398, 1908270025.2047257, 1996800629.175589, 2072171321.8643272, 2132468053.7048023, 2194519319.9470806], "netGrowth": [0.0, -6.47956703322944, 12.99393672816495, 40.361083209894076, 99.10519655960603, 12736.433529264688, 6.368791054695394, 5.504051624271535, 4.6393121938476956, 3.774572763423863, 2.9098333330000083, 2.909833332999984], "bvEquity": [0.0, 3906421000.0, 1008243107.7588358, -1513347382.894847, -3017196637.4030204, -3030653132.2706985, -1330232102.9476447, 213674314.4772823, 1563171936.613429, 2682929166.839025, 3541569768.42313, 4112984770.0215187], "costOfEquity": [0.0, 8.851038978056376, 8.851038978056376, 8.851038978056376, 8.851038978056376, 8.851038978056376, 8.851038978056376, 8.851038978056376, 8.851038978056376, 8.851038978056376, 8.851038978056376, 8.851038978056376], "returnOnEquity": [-0.6967543948796098, -0.7419010629528062, -2.500974686808202, 0.9937237619769066, 0.004459933005646071, -0.5610741167363563, -1.3597005272409421, 8.93074130071732, 1.2774030689813975, 0.772354092488293, 0.6021251007725524, 0.533558824711038], "dividendpayout": [-0.0, 0.0, 0.0, 0.0, 0.0, 0.0, 14.640810673757557, 29.281621347515113, 43.92243202127267, 58.563242695030226, 73.20405336878778, 73.20405336878778], "dividendPaid": [0.0, -0.0, -0.0, -0.0, -0.0, 0.0, 264810874.30581278, 558772403.068579, 877043398.949993, 1213530720.280222, 1561053052.1064136, 1606477094.1624196], "retainedEarning": [0.0, -2898177892.241164, -2521590490.6536827, -1503849254.5081735, -13456494.867678072, 1700421029.3230538, 1543906417.424927, 1349497622.1361468, 1119757230.225596, 858640601.5841053, 571415001.5983887, 588042225.784661], "equityCost": [0.0, 345758845.35697967, 89239990.4613015, -133946966.73341897, -267053250.42114764, -268244290.02696598, -117739361.93051505, 18912396.860479012, 138356957.40369332, 237467106.3105653, 313465720.6381922, 364041885.15612704], "excessEquity": [0.0, -3243936737.598144, -2610830481.114984, -1369902287.7747545, 253596755.55346957, 1968665319.35002, 1926456653.661255, 1889357628.3442466, 1858443671.771896, 1834704215.553762, 1819002333.06661, 1830477434.7909536], "cumulatedDiscount": [0.0, 1.0885103897805637, 1.1848548686602347, 1.2897268349187507, 1.4038810597878622, 1.5281391195952367, 1.6633953087095386, 1.810623075842581, 1.970882030031091, 2.1453255667206514, 2.335209168837305, 2.541899442590241], "presentValue": [0.0, -2980161483.118319, -2203502344.609648, -1062164677.5776784, 180639772.71108, 1288276240.1053295, 1158147220.6722763, 1043484783.5268123, 942950234.1865579, 855210157.3833822, 778946210.6181636, 720121891.5747763], "Price Target USD": [6.706733335385965, 7.300348917055277, 7.946505645237956, 8.649853957291416, 9.41545590259623, 10.248821574496732, 11.155948766846889, 12.143366140572505, 13.218180210922677, 14.388126493581177, 15.661625177740103, 17.04784172681897], "Price Target Local": [6.706733335385965, 7.300348917055277, 7.946505645237956, 8.649853957291416, 9.41545590259623, 10.248821574496732, 11.155948766846889, 12.143366140572505, 13.218180210922677, 14.388126493581177, 15.661625177740103, 17.04784172681897], "Equity Invested": 3906421000.0, "PV of Equity Excess Return": 1826113.8979557753, "Terminal  Value of Excess Equity Return": 13193621088.336163, "Value of Equity": 17101868202.23412, "Number of shares": 2549955000, "Estimated Value/Share": 6.706733335385965, "Estimated Value/Share (Local Currency)": 6.706733335385965, "Current price": 22.8, "Valuation": 70.58450291497384}, "2018Q4": {"Date": ["2017", "2018", "2020", "2021", "2022", "2023", "2024", "2025", "2026", "2027", "2028", "Terminal"], "revenueGrowth": [0.0, 40.94312833926119, 29.706595721213873, 18.470063103166552, 7.233530485119232, 7.2335304851192355, 6.395524388095389, 5.557518291071542, 4.719512194047695, 3.881506097023848, 3.0435000000000008, 3.0435], "revenue": [21461268000.0, 30248182500.472794, 39233887788.90321, 46480411621.33919, 49842586365.57766, 53447965044.9036, 56866242684.29111, 60026594522.91572, 62859556971.09629, 65299454507.49157, 67286843405.42708, 69334718484.47125], "netMargin": [-4.548151581723876, -2.654428280798064, -0.7607049798722523, 1.1330183210535596, 3.0267416219793715, 4.920464922905183, 4.920464922905183, 4.920464922905183, 4.920464922905183, 4.920464922905183, 4.920464922905183, 4.920464922905183], "netIncome": [-976091000.0, -802916310.7199609, -298454138.2076782, 526631579.3708809, 1508606306.9979544, 2629888372.0411057, 2798083524.254679, 2953587527.9145923, 3092982451.4563932, 3213036753.8895507, 3310825527.4941792, 3411590502.4234643], "netGrowth": [0.0, 17.741654136759692, 62.828736417116794, 276.4531001424501, 186.46332010703762, 74.32569119205411, 6.395524388095379, 5.557518291071544, 4.7195121940476925, 3.8815060970238435, 3.043500000000003, 3.043499999999991], "bvEquity": [0.0, 4923243000.0, 4120326689.280039, 3821872551.0723605, 4348504130.443241, 5857110437.4411955, 8486998809.482302, 10882308565.681822, 12985580105.82349, 14742892425.524176, 16105910180.272484, 17033830298.54153], "costOfEquity": [0.0, 9.456380062540285, 9.456380062540285, 9.456380062540285, 9.456380062540285, 9.456380062540285, 9.456380062540285, 9.456380062540285, 9.456380062540285, 9.456380062540285, 9.456380062540285, 9.456380062540285], "returnOnEquity": [-0.19826179613722095, -0.1630868739812276, -0.07243458121516774, 0.13779412377922334, 0.3469253476008962, 0.44900781710205023, 0.3296905757932302, 0.27141185255754946, 0.23818592825662982, 0.21793801793784118, 0.20556587553490044, 0.20028322712100585], "dividendpayout": [-0.0, 0.0, 0.0, 0.0, 0.0, 0.0, 14.394629915933086, 28.789259831866172, 43.183889747799256, 57.578519663732344, 71.97314957966543, 71.97314957966543], "dividendPaid": [0.0, -0.0, -0.0, 0.0, 0.0, 0.0, 402773768.05515885, 850315987.7729248, 1335670131.7557075, 1850018999.1412423, 2382905409.2251325, 2455429135.3548994], "retainedEarning": [0.0, -802916310.7199609, -298454138.2076782, 526631579.3708809, 1508606306.9979544, 2629888372.0411057, 2395309756.19952, 2103271540.1416674, 1757312319.7006857, 1363017754.7483084, 927920118.2690468, 956161367.0685649], "equityCost": [0.0, 465560569.48241025, 389633751.55660385, 361410793.9353065, 411211077.60997546, 553870623.6471553, 802562863.3279158, 1029072457.5492495, 1227965808.1322904, 1394143939.9690301, 1523036079.1779335, 1610783732.2382278], "excessEquity": [0.0, -1268476880.2023711, -688087889.764282, 165220785.4355744, 1097395229.387979, 2076017748.3939505, 1995520660.9267635, 1924515070.3653426, 1865016643.3241029, 1818892813.9205205, 1787789448.3162458, 1800806770.1852365], "cumulatedDiscount": [0.0, 1.0945638006254028, 1.1980699136395265, 1.3113639580882284, 1.4353715179682227, 1.5711057040167515, 1.7196754305728248, 1.882294475129917, 2.0602913945943997, 2.2551203792630576, 2.468373133193972, 2.7017918780304275], "presentValue": [0.0, -1158888024.140392, -574330330.7517267, 125991555.90370311, 764537414.6348876, 1321373694.390085, 1160405402.9323747, 1022430387.9086249, 905219838.4254575, 806561295.1956515, 724278442.4585438, 666523126.6806539], "Price Target USD": [7.9679968287883005, 8.72148089228968, 9.546217272546421, 10.448943859434278, 11.437035703303849, 12.518565267296687, 13.702368377349423, 14.998116408680918, 16.416395298508004, 17.968792030503916, 19.667989297555817, 21.52786911619244], "Price Target Local": [7.9679968287883005, 8.72148089228968, 9.546217272546421, 10.448943859434278, 11.437035703303849, 12.518565267296687, 13.702368377349423, 14.998116408680918, 16.416395298508004, 17.968792030503916, 19.667989297555817, 21.52786911619244], "Equity Invested": 4923243000.0, "PV of Equity Excess Return": 5097579676.95721, "Terminal  Value of Excess Equity Return": 11376356327.102606, "Value of Equity": 21397179004.059814, "Number of shares": 2685390000, "Estimated Value/Share": 7.9679968287883005, "Estimated Value/Share (Local Currency)": 7.9679968287883005, "Current price": 20.38, "Valuation": 60.902861487790474}, "2011Q3": {"Date": ["2010", "2011", "2012", "2013", "2014", "2015", "2016", "2017", "2018", "2019", "2020", "Terminal"], "revenueGrowth": [0.0, 7.2335304851192355, 7.2335304851192355, 7.2335304851192355, 7.2335304851192355, 7.2335304851192355, 6.280191054695388, 5.326851624271541, 4.373512193847693, 3.4201727634238464, 2.4668333329999994, 2.466833333], "revenue": [201153000.0, 215703463.5767319, 231306439.37201285, 248038061.17803124, 265979969.9480428, 285219712.15854543, 303132055.0077544, 319279449.8036226, 333243175.4732339, 344640667.7967382, 353142378.6690219, 361853812.5789784], "netMargin": [-111.4972185351449, -88.21368184353489, -64.93014515192488, -41.64660846031486, -18.36307176870484, 4.920464922905183, 4.920464922905183, 4.920464922905183, 4.920464922905183, 4.920464922905183, 4.920464922905183, 4.920464922905183], "netIncome": [-224280000.0, -190279967.08506343, -150187606.82999706, -103299440.17137091, -48842092.771938674, 14034135.889972359, 14915506.4367382, 15710033.333631914, 16397113.557135843, 16957923.169004686, 17376246.87032222, 17804889.920143697], "netGrowth": [0.0, 15.159636577018269, 21.070195075839663, 31.21973087413305, 52.7179501738722, 128.73369074397118, 6.280191054695406, 5.326851624271532, 4.373512193847691, 3.4201727634238726, 2.4668333329999785, 2.4668333329999976], "bvEquity": [0.0, 294118000.0, 103838032.91493657, -46349573.91506049, -149649014.08643138, -198491106.85837007, -184456970.9683977, -171846910.5845783, -160993384.7378172, -152199632.3316877, -145726254.8136134, -141778985.34061766], "costOfEquity": [0.0, 9.446836338975896, 9.446836338975896, 9.446836338975896, 9.446836338975896, 9.446836338975896, 9.446836338975896, 9.446836338975896, 9.446836338975896, 9.446836338975896, 9.446836338975896, 9.446836338975896], "returnOnEquity": [-0.762551084938698, -0.6469511117478816, -1.4463641366649322, 2.228703123801653, 0.3263776448519026, -0.07070410413896365, -0.0808617118584996, -0.09141877081287342, -0.10184961067710366, -0.11141894963352074, -0.11923895863889979, -0.12558200975531209], "dividendpayout": [-0.0, 0.0, 0.0, 0.0, 0.0, 0.0, 15.456706500023888, 30.913413000047775, 46.37011950007167, 61.82682600009555, 77.28353250011943, 77.28353250011943], "dividendPaid": [0.0, -0.0, -0.0, -0.0, -0.0, 0.0, 2305446.0529187946, 4856507.486870807, 7603361.151006342, 10484545.650930416, 13428977.397326458, 13760247.888044743], "retainedEarning": [0.0, -190279967.08506343, -150187606.82999706, -103299440.17137091, -48842092.771938674, 14034135.889972359, 12610060.383819405, 10853525.846761107, 8793752.406129502, 6473377.51807427, 3947269.472995762, 4044642.0320989545], "equityCost": [0.0, 27784846.103469126, 9809409.02708598, -4378568.391568427, -14137097.443636158, -18751130.01233198, -17425348.163216814, -16234096.39651136, -15208781.57275939, -14378050.17489758, -13766520.795161042, -13393628.708188778], "excessEquity": [0.0, -218064813.18853256, -159997015.85708305, -98920871.77980249, -34704995.32830252, 32785265.90230434, 32340854.599955015, 31944129.73014327, 31605895.129895233, 31335973.343902268, 31142767.665483262, 31198518.628332473], "cumulatedDiscount": [0.0, 1.094468363389759, 1.1978609984610575, 1.3110209665540962, 1.4348709716341215, 1.5704208839998701, 1.7187759747444364, 1.881145928112181, 2.058854705238248, 2.25335133969941, 2.4662217529029338, 2.6992016856558965], "presentValue": [0.0, -199242683.0074356, -133568933.34254806, -75453310.28519501, -24186840.499517724, 20876738.354879808, 18816212.86029656, 16981207.70577364, 15351202.321116604, 13906385.920307657, 12627724.019069176, 11558424.40160278], "Price Target USD": [0.0906141121337192, 0.09917427900700775, 0.10854311083515909, 0.11879700087298978, 0.13001955912107288, 0.14230229407989864, 0.15574535890823485, 0.1704583680698464, 0.18656129112749395, 0.20418543097218866, 0.22347449446416393, 0.24458576421554723], "Price Target Local": [0.0906141121337192, 0.09917427900700775, 0.10854311083515909, 0.11879700087298978, 0.13001955912107288, 0.14230229407989864, 0.15574535890823485, 0.1704583680698464, 0.18656129112749395, 0.20418543097218866, 0.22347449446416393, 0.24458576421554723], "Equity Invested": 294118000.0, "PV of Equity Excess Return": -333892295.9532529, "Terminal  Value of Excess Equity Return": 181236739.11538336, "Value of Equity": 141462443.16213045, "Number of shares": 1561152450, "Estimated Value/Share": 0.0906141121337192, "Estimated Value/Share (Local Currency)": 0.0906141121337192, "Current price": 2.21, "Valuation": 95.89981393060094}, "2011Q1": {"Date": ["2010", "2011", "2012", "2013", "2014", "2015", "2016", "2017", "2018", "2019", "2020", "Terminal"], "revenueGrowth": [0.0, 7.2335304851192355, 7.2335304851192355, 7.2335304851192355, 7.2335304851192355, 7.2335304851192355, 6.474491054695388, 5.715451624271541, 4.956412193847694, 4.1973727634238465, 3.438333332999999, 3.438333333], "revenue": [144962000.0, 155447870.46183854, 166692239.5601643, 178749973.52507678, 191679907.35215577, 205545131.88432226, 218853133.06153455, 231361578.0098692, 242828811.4742288, 253021241.8687939, 261720955.56753922, 270719794.42226404], "netMargin": [-119.85968736634429, -94.9036569084944, -69.9476264506445, -44.991595992794615, -20.03556553494472, 4.920464922905183, 4.920464922905183, 4.920464922905183, 4.920464922905183, 4.920464922905183, 4.920464922905183, 4.920464922905183], "netIncome": [-173751000.0, -147525713.65466404, -116597265.0497572, -80422465.92562988, -38404153.45486249, 10113776.115107276, 10768591.644971816, 11384065.291055527, 11948306.491296986, 12449821.453653088, 12877887.814593028, 13320672.523908526], "netGrowth": [0.0, 15.093603113268966, 20.964784944071365, 31.025426804556634, 52.24698346059612, 126.33511015154725, 6.474491054695399, 5.715451624271537, 4.956412193847698, 4.197372763423834, 3.438333333000009, 3.438333333000001], "bvEquity": [0.0, 167738000.0, 20212286.34533596, -96384978.70442124, -176807444.63005114, -215211598.0849136, -205097821.96980634, -195801021.6771679, -187528778.13628477, -180479556.33926094, -174836024.9401247, -170758528.3682841], "costOfEquity": [0.0, 8.950685805068108, 8.950685805068108, 8.950685805068108, 8.950685805068108, 8.950685805068108, 8.950685805068108, 8.950685805068108, 8.950685805068108, 8.950685805068108, 8.950685805068108, 8.950685805068108], "returnOnEquity": [-1.0358475718084155, -0.8795008504612195, -5.7686331500375925, 0.834387961761731, 0.21720891637350837, -0.046994568160386954, -0.05250466114923991, -0.058140990243785884, -0.06371452216583882, -0.06898189305302938, -0.07365694695359987, -0.07800882715022651], "dividendpayout": [-0.0, 0.0, 0.0, 0.0, 0.0, 0.0, 13.667445111270464, 27.334890222540928, 41.00233533381139, 54.669780445081855, 68.33722555635232, 68.33722555635232], "dividendPaid": [0.0, -0.0, -0.0, -0.0, -0.0, 0.0, 1471791.35233338, 3111821.750172412, 4899084.694273144, 6806290.054516841, 8800391.242752448, 9102978.028286418], "retainedEarning": [0.0, -147525713.65466404, -116597265.0497572, -80422465.92562988, -38404153.45486249, 10113776.115107276, 9296800.292638436, 8272243.540883115, 7049221.797023842, 5643531.399136247, 4077496.5718405806, 4217694.495622108], "equityCost": [0.0, 15013701.355705142, 1809138.2447917052, -8627116.60711455, -15825478.848805642, -19262913.960646592, -18357661.637555316, -17525534.253436595, -16785111.725062106, -16154158.030308127, -15649023.266461078, -15284059.359603204], "excessEquity": [0.0, -162539415.01036918, -118406403.2945489, -71795349.31851533, -22578674.606056847, 29376690.075753868, 29126253.282527134, 28909599.54449212, 28733418.216359094, 28603979.483961217, 28526911.081054106, 28604731.88351173], "cumulatedDiscount": [0.0, 1.089506858050681, 1.187025193739467, 1.2932720892580876, 1.4090288105722188, 1.5351465523094263, 1.6725526968539786, 1.8222576336735714, 1.9853621890225617, 2.1630657206545933, 2.356674937067518, 2.5676135061312184], "presentValue": [0.0, -149186224.76702967, -99750539.34747168, -55514496.84474535, -16024281.71563607, 19136081.849358615, 17414251.483563263, 15864715.839445796, 14472632.940846527, 13223814.334825201, 12104728.84162421, 11140590.986613184], "Price Target USD": [0.11182895629349911, 0.12183841481041714, 0.13274378850997315, 0.14462526794524494, 0.1575702212737617, 0.1716738367023267, 0.18703982243505765, 0.20378116927157694, 0.22202098146296978, 0.2418933819350487, 0.26354449853530826, 0.287133538555746], "Price Target Local": [0.11182895629349911, 0.12183841481041714, 0.13274378850997315, 0.14462526794524494, 0.1575702212737617, 0.1716738367023267, 0.18703982243505765, 0.20378116927157694, 0.22202098146296978, 0.2418933819350487, 0.26354449853530826, 0.287133538555746], "Equity Invested": 167738000.0, "PV of Equity Excess Return": -228259317.3852192, "Terminal  Value of Excess Equity Return": 220191839.0407075, "Value of Equity": 159670521.6554883, "Number of shares": 1427810175, "Estimated Value/Share": 0.11182895629349911, "Estimated Value/Share (Local Currency)": 0.11182895629349911, "Current price": 1.84, "Valuation": 93.92233933187505}, "2011Q2": {"Date": ["2010", "2011", "2012", "2013", "2014", "2015", "2016", "2017", "2018", "2019", "2020", "Terminal"], "revenueGrowth": [0.0, 7.2335304851192355, 7.2335304851192355, 7.2335304851192355, 7.2335304851192355, 7.2335304851192355, 6.430857721495388, 5.628184957871541, 4.825512194247694, 4.022839430623847, 3.220166667, 3.220166667], "revenue": [174728000.0, 187367003.14603913, 200920252.43766218, 215453880.148519, 231038802.2504344, 247751064.4436739, 263683582.9015369, 278524182.65077794, 291964401.04851997, 303709660.09728456, 313489617.3361963, 323584505.4981623], "netMargin": [-111.10812233872076, -87.90240488639557, -64.69668743407038, -41.490969981745195, -18.285252529420006, 4.920464922905183, 4.920464922905183, 4.920464922905183, 4.920464922905183, 4.920464922905183, 4.920464922905183, 4.920464922905183], "netIncome": [-194137000.0, -164700101.72893685, -129988747.71133949, -89393904.7369273, -42246028.432439245, 12190504.22207519, 12974458.204129735, 13704684.709139893, 14366005.940962639, 14943927.292561447, 15425146.657977227, 15921862.088993272], "netGrowth": [0.0, 15.162951045428304, 21.075490332559266, 31.2295053911585, 52.741712584585166, 128.85597693892223, 6.430857721495396, 5.628184957871526, 4.825512194247703, 4.022839430623841, 3.220166667000004, 3.2201666669999836], "bvEquity": [0.0, 348452000.0, 183751898.27106315, 53763150.55972366, -35630754.17720364, -77876782.6096429, -65686278.3875677, -54537229.64412107, -44688838.69771886, -36386402.28951312, -29852471.262050256, -25278339.80597707], "costOfEquity": [0.0, 9.563758531829777, 9.563758531829777, 9.563758531829777, 9.563758531829777, 9.563758531829777, 9.563758531829777, 9.563758531829777, 9.563758531829777, 9.563758531829777, 9.563758531829777, 9.563758531829777], "returnOnEquity": [-0.5571412992320319, -0.47266223677561575, -0.7074144481467369, -1.6627356061959695, 1.1856619206636951, -0.15653579685206118, -0.19752159085002116, -0.2512904450513689, -0.32146742586300303, -0.41070087593871346, -0.5167125536299012, -0.6298618584606788], "dividendpayout": [-0.0, 0.0, 0.0, 0.0, 0.0, 0.0, 14.06925385217308, 28.13850770434616, 42.207761556519245, 56.27701540869232, 70.3462692608654, 70.3462692608654], "dividendPaid": [0.0, -0.0, -0.0, -0.0, -0.0, 0.0, 1825409.460683109, 3856293.762737679, 6063569.5327568995, 8409996.265098583, 10851015.201904042, 11200435.976466855], "retainedEarning": [0.0, -164700101.72893685, -129988747.71133949, -89393904.7369273, -42246028.432439245, 12190504.22207519, 11149048.743446626, 9848390.946402214, 8302436.408205739, 6533931.027462864, 4574131.456073185, 4721426.112526417], "equityCost": [0.0, 33325107.879331492, 17573587.848297972, 5141777.89863606, -3407639.2925776076, -7447947.441144249, -6282077.053532464, -5215808.953113227, -4273932.6237287335, -3479907.653389216, -2855018.2672863635, -2417559.3798990543], "excessEquity": [0.0, -198025209.60826835, -147562335.55963746, -94535682.63556336, -38838389.139861636, 19638451.66321944, 19256535.2576622, 18920493.66225312, 18639938.564691372, 18423834.945950665, 18280164.92526359, 18339421.468892325], "cumulatedDiscount": [0.0, 1.0956375853182978, 1.2004217183621102, 1.3152271528699042, 1.4410123019154415, 1.5788272388845963, 1.7298224636462745, 1.895258507098753, 2.0765164542716397, 2.275109473831893, 2.492695450243958, 2.7310908240391973], "presentValue": [0.0, -180739701.030555, -122925413.04648814, -71877836.78985098, -26952156.541784104, 12438632.409897828, 11132087.634630177, 9983067.5295142, 8976542.6738357, 8097999.3085431615, 7333493.116246723, 6715053.672865005], "Price Target USD": [0.08176592589896235, 0.08958582161325399, 0.09815359327110137, 0.10754076592186383, 0.11782570509791118, 0.12909427102190127, 0.14144053538086182, 0.1549675666508147, 0.169788290527951, 0.18602643264936586, 0.20381755147332817, 0.22331016994172515], "Price Target Local": [0.08176592589896235, 0.08958582161325399, 0.09815359327110137, 0.10754076592186383, 0.11782570509791118, 0.12909427102190127, 0.14144053538086182, 0.1549675666508147, 0.169788290527951, 0.18602643264936586, 0.20381755147332817, 0.22331016994172515], "Equity Invested": 348452000.0, "PV of Equity Excess Return": -344533284.7360105, "Terminal  Value of Excess Equity Return": 115979485.25362778, "Value of Equity": 119898200.51761729, "Number of shares": 1466358990, "Estimated Value/Share": 0.08176592589896235, "Estimated Value/Share (Local Currency)": 0.08176592589896235, "Current price": 1.75, "Valuation": 95.32766137720216}, "2011Q4": {"Date": ["2010", "2011", "2013", "2014", "2015", "2016", "2017", "2018", "2019", "2020", "2021", "Terminal"], "revenueGrowth": [0.0, 7.2335304851192355, 7.2335304851192355, 7.2335304851192355, 7.2335304851192355, 7.2335304851192355, 6.190057721495388, 5.146584957871541, 4.103112194247694, 3.0596394306238466, 2.0161666669999994, 2.016166667], "revenue": [204242000.0, 219015907.33341724, 234858489.75764045, 251847050.21115, 270064483.36404705, 289599680.09766513, 307526067.4569766, 323353157.78625125, 336620700.6338639, 346920080.32209986, 353914567.3426837, 361050074.87910414], "netMargin": [-124.5635079954172, -98.66671341175271, -72.76991882808824, -46.87312424442376, -20.976329660759276, 4.920464922905183, 4.920464922905183, 4.920464922905183, 4.920464922905183, 4.920464922905183, 4.920464922905183, 4.920464922905183], "netIncome": [-254411000.0, -216095797.61481267, -170906332.35750887, -118048580.75138862, -56649616.3270689, 14249650.676051237, 15131712.278010266, 15910478.705978744, 16563303.497926941, 17070080.862763412, 17414242.143148396, 17765342.28854922], "netGrowth": [0.0, 15.060356032242053, 20.911774202038536, 30.927907045334184, 52.011607453059085, 125.15401091823868, 6.190057721495387, 5.146584957871544, 4.1031121942477, 3.0596394306238444, 2.0161666670000113, 2.0161666669999874], "bvEquity": [0.0, 224045000.0, 7949202.385187328, -162957129.97232154, -281005710.7237102, -337655327.0507791, -323405676.37472785, -310738424.0725833, -300010536.3711574, -291540090.66528845, -285590636.5493625, -282357440.80179995], "costOfEquity": [0.0, 9.623539458875332, 9.623539458875332, 9.623539458875332, 9.623539458875332, 9.623539458875332, 9.623539458875332, 9.623539458875332, 9.623539458875332, 9.623539458875332, 9.623539458875332, 9.623539458875332], "returnOnEquity": [-1.135535271931978, -0.9645196171073341, -21.49980892120428, 0.724414947486123, 0.2015959610969181, -0.04220176474191467, -0.04678864158363522, -0.05120216063869308, -0.055209072648820856, -0.05855140136579447, -0.06097623631347052, -0.06291791793445087], "dividendpayout": [-0.0, 0.0, 0.0, 0.0, 0.0, 0.0, 16.286722418368765, 32.57344483673753, 48.86016725510629, 65.14688967347506, 81.43361209184383, 81.43361209184383], "dividendPaid": [0.0, -0.0, -0.0, -0.0, -0.0, 0.0, 2464459.975865757, 5182591.004552857, 8092857.792057974, 11120626.74683746, 14181046.395585857, 14466959.926045462], "retainedEarning": [0.0, -216095797.61481267, -170906332.35750887, -118048580.75138862, -56649616.3270689, 14249650.676051237, 12667252.302144509, 10727887.701425888, 8470445.705868967, 5949454.115925953, 3233195.747562539, 3298382.362503756], "equityCost": [0.0, 21561058.980637237, 764994.6282043615, -15682243.703937123, -27042695.453189317, -32494393.633726276, -31123072.87816459, -29904034.854512416, -28871632.34846186, -28056475.66361495, -27483927.59918113, -27172779.730631772], "excessEquity": [0.0, -237656856.59544992, -171671326.98571324, -102366337.0474515, -29606920.873879585, 46744044.30977751, 46254785.15617485, 45814513.56049116, 45434935.8463888, 45126556.52637836, 44898169.74232952, 44938122.01918099], "cumulatedDiscount": [0.0, 1.0962353945887533, 1.2017320403491596, 1.3173811974421086, 1.4441598968017542, 1.5831391943197242, 1.7354932193740038, 1.9025090941465668, 2.085597807530453, 2.286306135491585, 2.506329708591305, 2.7475273370671047], "presentValue": [0.0, -216793635.53537294, -142853249.49464995, -77704416.34221815, -20501137.678346604, 29526174.62664959, 26652241.93319468, 24081100.953182444, 21785089.95470613, 19737757.698260117, 17913911.959957078, 16355841.637285022], "Price Target USD": [0.09007692380010521, 0.09874551210534939, 0.1082483254266762, 0.11866564573768416, 0.13008548097937941, 0.14260430857169776, 0.15632789047715143, 0.1713721667024475, 0.18786423478658715, 0.20594342355038855, 0.22576247017871895, 0.24748881057969963], "Price Target Local": [0.09007692380010521, 0.09874551210534939, 0.1082483254266762, 0.11866564573768416, 0.13008548097937941, 0.14260430857169776, 0.15632789047715143, 0.1713721667024475, 0.18786423478658715, 0.20594342355038855, 0.22576247017871895, 0.24748881057969963], "Equity Invested": 224045000.0, "PV of Equity Excess Return": -318156161.92463756, "Terminal  Value of Excess Equity Return": 235690467.6766909, "Value of Equity": 141579305.75205335, "Number of shares": 1571760000, "Estimated Value/Share": 0.09007692380010521, "Estimated Value/Share (Local Currency)": 0.09007692380010521, "Current price": 2.24, "Valuation": 95.97870875892389}, "2020Q3": {"Date": ["2019", "2020", "2021", "2022", "2023", "2024", "2025", "2026", "2027", "2028", "2029", "Terminal"], "revenueGrowth": [0.0, 30.831729521958316, 22.965663176345288, 15.09959683073226, 7.233530485119233, 7.2335304851192355, 5.914724388095388, 4.595918291071541, 3.277112194047694, 1.958306097023847, 0.6395, 0.6395], "revenue": [28176000000.0, 36863148110.10698, 45329014541.27145, 52173512984.347435, 55947499951.227844, 59994479415.86198, 63542987521.382835, 66463371307.57137, 68641450553.26699, 69985660264.53723, 70433218561.92894, 70883638994.63248], "netMargin": [1.9733106189664964, 2.5627414797542336, 3.152172340541971, 3.741603201329708, 4.331034062117445, 4.920464922905183, 4.920464922905183, 4.920464922905183, 4.920464922905183, 4.920464922905183, 4.920464922905183, 4.920464922905183], "netIncome": [556000000.0, 944707187.3609504, 1428848658.6102064, 1952125832.0685146, 2423105279.790819, 2952007315.3370595, 3126610411.9556603, 3270306871.7692776, 3377478497.0468082, 3443619864.3801455, 3465641813.412856, 3487804592.8096313], "netGrowth": [0.0, 69.91136463326445, 51.24778108248657, 36.6222951818622, 24.126490208023355, 21.82744761267241, 5.914724388095383, 4.595918291071534, 3.277112194047694, 1.9583060970238548, 0.6394999999999861, 0.639500000000001], "bvEquity": [0.0, 16031000000.0, 16975707187.36095, 18404555845.971157, 20356681678.039673, 22779786957.83049, 25731794273.16755, 28269907818.81586, 30309127287.728436, 31779458507.39259, 32630418293.379585, 32834509932.299347], "costOfEquity": [0.0, 5.7813590926154195, 5.7813590926154195, 5.7813590926154195, 5.7813590926154195, 5.7813590926154195, 5.7813590926154195, 5.7813590926154195, 5.7813590926154195, 5.7813590926154195, 5.7813590926154195, 5.7813590926154195], "returnOnEquity": [0.034682802070987465, 0.0589300222918689, 0.08417019938197554, 0.10606753286555644, 0.11903242965206899, 0.129588890396638, 0.1215076717450679, 0.11568155413625472, 0.11143436975218625, 0.10835992890121413, 0.10620893003127709, 0.10622374446888497], "dividendpayout": [0.0, 0.0, 0.0, 0.0, 0.0, 0.0, 18.82220004312114, 37.64440008624228, 56.466600129363414, 75.28880017248456, 94.1110002156057, 94.1110002156057], "dividendPaid": [0.0, 0.0, 0.0, 0.0, 0.0, 0.0, 588496866.3073484, 1231087402.8567011, 1907147277.3826544, 2592660078.3931518, 3261550174.4930944, 3282407787.858978], "retainedEarning": [0.0, 944707187.3609504, 1428848658.6102064, 1952125832.0685146, 2423105279.790819, 2952007315.3370595, 2538113545.648312, 2039219468.9125764, 1470331219.6641538, 850959785.9869938, 204091638.91976166, 205396804.95065355], "equityCost": [0.0, 926809676.1371778, 981426591.0122615, 1064033462.8565361, 1176892867.1481237, 1316981284.5649545, 1487647427.9048657, 1634384886.157108, 1752279486.341469, 1837284614.001086, 1886481654.9627457, 1898280925.4867013], "excessEquity": [0.0, 17897511.223772526, 447422067.59794486, 888092369.2119784, 1246212412.6426954, 1635026030.772105, 1638962984.0507946, 1635921985.6121695, 1625199010.7053392, 1606335250.3790596, 1579160158.4501104, 1589523667.32293], "cumulatedDiscount": [0.0, 1.0578135909261541, 1.118969593148085, 1.1836612434651534, 1.2520929503899907, 1.324480940025359, 1.4010539392814731, 1.482053898592569, 1.5677367564163118, 1.6583732479316602, 1.7542497604904588, 1.855669238525758], "presentValue": [0.0, 16919343.23523165, 399851855.0796159, 750292682.2306855, 995303433.546636, 1234465503.7020013, 1169807198.7801785, 1103820844.279497, 1036652999.3341359, 968621058.2463851, 900191178.0273545, 856577042.0302553], "Price Target USD": [12.738743411552413, 13.475215912061145, 14.254266532442651, 15.07835686670166, 15.950090822431717, 16.872222848474788, 17.84766663825142, 18.879504336261657, 19.97099627684684, 21.12559128598421, 22.346937578665226, 23.63889428629048], "Price Target Local": [12.738743411552413, 13.475215912061145, 14.254266532442651, 15.07835686670166, 15.950090822431717, 16.872222848474788, 17.84766663825142, 18.879504336261657, 19.97099627684684, 21.12559128598421, 22.346937578665226, 23.63889428629048], "Equity Invested": 16031000000.0, "PV of Equity Excess Return": 8575926096.46172, "Terminal  Value of Excess Equity Return": 17622008312.834534, "Value of Equity": 42228934409.29625, "Number of shares": 3315000000, "Estimated Value/Share": 12.738743411552413, "Estimated Value/Share (Local Currency)": 12.738743411552413, "Current price": 140.09, "Valuation": 90.90674322824441}, "2020Q1": {"Date": ["2019", "2020", "2021", "2022", "2023", "2024", "2025", "2026", "2027", "2028", "2029", "Terminal"], "revenueGrowth": [0.0, 30.831729521958316, 22.965663176345288, 15.09959683073226, 7.233530485119233, 7.2335304851192355, 6.049291054695388, 4.8650516242715405, 3.6808121938476934, 2.4965727634238464, 1.3123333329999993, 1.312333333], "revenue": [26021676000.0, 34044608761.40034, 41863178939.248085, 48184350179.60256, 51669779838.90072, 55407329115.141594, 58759079718.949486, 61617739281.22324, 63885772542.25978, 65480727339.252754, 66340052750.81661, 67210655376.195366], "netMargin": [-0.5546683464969743, 0.5403583073834574, 1.635384961263889, 2.7304116151443205, 3.825438269024752, 4.920464922905183, 4.920464922905183, 4.920464922905183, 4.920464922905183, 4.920464922905183, 4.920464922905183, 4.920464922905183], "netIncome": [-144334000.0, 183962871.65842313, 684624132.6794549, 1315631093.9856815, 1976595531.4781442, 2726298193.829173, 2891219906.592803, 3031879247.619758, 3143477028.668884, 3221956219.9911165, 3264239025.4407268, 3307076722.24038], "netGrowth": [0.0, 227.45636624663845, 272.1534277583169, 92.16837841175952, 50.23934448752517, 37.928987008808214, 6.049291054695381, 4.865051624271535, 3.6808121938476908, 2.4965727634238513, 1.312333333, 1.3123333330000015], "bvEquity": [0.0, 9173000000.0, 9356962871.658422, 10041587004.337877, 11357218098.323559, 13333813629.801702, 16060111823.630875, 18442968291.854927, 20408656375.306065, 21893979916.15135, 22849868807.907307, 23244350726.933273], "costOfEquity": [0.0, 8.202930902177279, 8.202930902177279, 8.202930902177279, 8.202930902177279, 8.202930902177279, 8.202930902177279, 8.202930902177279, 8.202930902177279, 8.202930902177279, 8.202930902177279, 8.202930902177279], "returnOnEquity": [-0.01573465605581598, 0.02005482085014969, 0.0731673452240719, 0.1310182437713621, 0.17403870510947658, 0.20446499925090958, 0.18002489262488555, 0.1643921520463029, 0.15402665275272154, 0.1471617418272251, 0.14285591978152282, 0.14227442878877505], "dividendpayout": [-0.0, 0.0, 0.0, 0.0, 0.0, 0.0, 17.583008376828634, 35.16601675365727, 52.749025130485904, 70.33203350731453, 87.91504188414316, 87.91504188414316], "dividendPaid": [0.0, 0.0, 0.0, 0.0, 0.0, 0.0, 508363438.36874956, 1066191164.1686221, 1658153487.823601, 2266067328.235157, 2869757106.4147615, 2907417885.4983788], "retainedEarning": [0.0, 183962871.65842313, 684624132.6794549, 1315631093.9856815, 1976595531.4781442, 2726298193.829173, 2382856468.2240534, 1965688083.451136, 1485323540.8452828, 955888891.7559595, 394481919.0259652, 399658836.74200106], "equityCost": [0.0, 752454851.6567218, 767545198.9045233, 823704443.4478494, 931624753.0150539, 1093763518.6777298, 1317399875.704844, 1512863945.2913249, 1674107980.5291545, 1795948044.258466, 1874358949.5507953, 1906718028.7900784], "excessEquity": [0.0, -568491979.9982986, -82921066.22506833, 491926650.53783214, 1044970778.4630903, 1632534675.1514432, 1573820030.887959, 1519015302.3284333, 1469369048.1397293, 1426008175.7326505, 1389880075.8899314, 1400358693.4503014], "cumulatedDiscount": [0.0, 1.0820293090217727, 1.1707874255821349, 1.2668263091140175, 1.370743195901243, 1.4831843131073186, 1.6048488974634445, 1.7364935436067246, 1.8789369091095538, 2.033064805459316, 2.1998357066476286, 2.3802867096253566], "presentValue": [0.0, -525394252.501583, -70825039.98011304, 388314204.5588489, 762338840.4098827, 1100695753.5380285, 980665552.6108854, 874760121.0042017, 782021493.6520021, 701408126.2453817, 631810853.7332526, 588315133.5457021], "Price Target USD": [8.06073028739553, 8.721946423081462, 9.437401661491757, 10.211545198744856, 11.049191195442498, 11.955548714454101, 12.936254114476915, 13.997406100817521, 15.145603651364729, 16.387987053603815, 17.732282307868694, 19.18684917296217], "Price Target Local": [8.06073028739553, 8.721946423081462, 9.437401661491757, 10.211545198744856, 11.049191195442498, 11.955548714454101, 12.936254114476915, 13.997406100817521, 15.145603651364729, 16.387987053603815, 17.732282307868694, 19.18684917296217], "Equity Invested": 9173000000.0, "PV of Equity Excess Return": 5625795653.270787, "Terminal  Value of Excess Equity Return": 9238302063.742685, "Value of Equity": 24037097717.013474, "Number of shares": 2982000000, "Estimated Value/Share": 8.06073028739553, "Estimated Value/Share (Local Currency)": 8.06073028739553, "Current price": 52.13, "Valuation": 84.53725246998748}, "2020Q2": {"Date": ["2019", "2020", "2021", "2022", "2023", "2024", "2025", "2026", "2027", "2028", "2029", "Terminal"], "revenueGrowth": [0.0, 30.831729521958316, 22.965663176345288, 15.09959683073226, 7.233530485119233, 7.2335304851192355, 5.928091054695388, 4.6226516242715405, 3.3172121938476935, 2.0117727634238465, 0.7063333329999995, 0.706333333], "revenue": [25708000000.0, 33634221025.505043, 41358542938.210045, 47603516176.945045, 51046931031.59303, 54739426349.4811, 57984429386.29626, 60664847553.14646, 62677229273.55855, 63938152700.95271, 64389769185.983986, 64844575588.78636], "netMargin": [1.4314610238058192, 2.129261803625692, 2.8270625834455645, 3.524863363265437, 4.22266414308531, 4.920464922905183, 4.920464922905183, 4.920464922905183, 4.920464922905183, 4.920464922905183, 4.920464922905183, 4.920464922905183], "netIncome": [368000000.0, 716160621.2431203, 1169231892.4644039, 1677958901.3472717, 2155540452.816567, 2693434272.525735, 2853103508.699433, 2984992544.386475, 3084011081.054308, 3146054376.0039315, 3168276006.7359524, 3190654596.25297], "netGrowth": [0.0, 94.60886446823922, 63.263918425846555, 43.50950501449442, 28.462052979118504, 24.95401183523703, 5.928091054695391, 4.622651624271526, 3.3172121938476997, 2.0117727634238367, 0.7063333329999979, 0.7063333330000153], "bvEquity": [0.0, 9855000000.0, 10571160621.24312, 11740392513.707523, 13418351415.054794, 15573891867.87136, 18267326140.397095, 20586924695.145157, 22455583180.790085, 23809546419.451096, 24602464163.880672, 24808543145.648876], "costOfEquity": [0.0, 6.582302655092841, 6.582302655092841, 6.582302655092841, 6.582302655092841, 6.582302655092841, 6.582302655092841, 6.582302655092841, 6.582302655092841, 6.582302655092841, 6.582302655092841, 6.582302655092841], "returnOnEquity": [0.03734145104008118, 0.07266977384506548, 0.11060582034055855, 0.1429218741526884, 0.16064122828070715, 0.17294548436426724, 0.1561861591987437, 0.14499458217236308, 0.13733827601914897, 0.13213415831532924, 0.12877880791255683, 0.12861112309259373], "dividendpayout": [0.0, 0.0, 0.0, 0.0, 0.0, 0.0, 18.69910966512976, 37.39821933025952, 56.09732899538928, 74.79643866051904, 93.4955483256488, 93.4955483256488], "dividendPaid": [0.0, 0.0, 0.0, 0.0, 0.0, 0.0, 533504953.951372, 1116334058.7415483, 1730047842.3932967, 2353136631.574356, 2962197024.9677486, 2983120009.9442306], "retainedEarning": [0.0, 716160621.2431203, 1169231892.4644039, 1677958901.3472717, 2155540452.816567, 2693434272.525735, 2319598554.7480607, 1868658485.6449268, 1353963238.6610112, 792917744.4295754, 206078981.76820374, 207534586.30873966], "equityCost": [0.0, 648685926.6593994, 695825786.2462147, 772788168.1480914, 883236501.4628395, 1025120697.9201846, 1202410693.5538266, 1355093690.8105032, 1478094447.9257271, 1567216406.133092, 1619408651.877382, 1632973394.1658988], "excessEquity": [0.0, 67474694.58372092, 473406106.2181891, 905170733.1991802, 1272303951.3537273, 1668313574.6055503, 1650692815.1456063, 1629898853.5759718, 1605916633.1285808, 1578837969.8708396, 1548867354.8585703, 1557681202.0870714], "cumulatedDiscount": [0.0, 1.0658230265509283, 1.135978723926181, 1.2107522816324636, 1.2904476612129543, 1.375388831879558, 1.4659210874782165, 1.5624124501408607, 1.6652551663299835, 1.7748673013573926, 1.8916944388590147, 2.016211492134275], "presentValue": [0.0, 63307596.94887937, 416738532.3749711, 747610181.6456904, 985939987.8006886, 1212975949.7361133, 1126044798.2130113, 1043193718.4250079, 964366702.2320805, 889552682.9883944, 818772484.09779, 772578277.7074527], "Price Target USD": [10.340106035554177, 11.020723109671874, 11.746140459530235, 12.519306974868826, 13.343365650274839, 14.221666361751625, 15.157779484279645, 16.155510405726503, 17.218914996106438, 18.35231609507333, 19.56032108467037, 20.84784061877131], "Price Target Local": [10.340106035554177, 11.020723109671874, 11.746140459530235, 12.519306974868826, 13.343365650274839, 14.221666361751625, 15.157779484279645, 16.155510405726503, 17.218914996106438, 18.35231609507333, 19.56032108467037, 20.84784061877131], "Equity Invested": 9855000000.0, "PV of Equity Excess Return": 8268502634.462627, "Terminal  Value of Excess Equity Return": 14013546924.039753, "Value of Equity": 32137049558.50238, "Number of shares": 3108000000, "Estimated Value/Share": 10.340106035554177, "Estimated Value/Share (Local Currency)": 10.340106035554177, "Current price": 98.43, "Valuation": 89.49496491358919}, "2020Q4": {"Date": ["2019", "2020", "2022", "2023", "2024", "2025", "2026", "2027", "2028", "2029", "2030", "Terminal"], "revenueGrowth": [0.0, 36.5279975194872, 26.763175174697878, 16.998352829908555, 7.233530485119234, 7.2335304851192355, 5.956524388095389, 4.679518291071542, 3.4025121940476946, 2.1255060970238473, 0.8485, 0.8485], "revenue": [31536000000.0, 43055469297.74548, 54578479968.18937, 63855922562.38316, 68474960187.48728, 73428117307.32243, 77801881022.4524, 81442634275.69577, 84213729838.07999, 86003697800.31956, 86733439176.15529, 87469372407.56497], "netMargin": [2.2862760020294264, 2.813113786204578, 3.3399515703797293, 3.866789354554881, 4.393627138730032, 4.920464922905183, 4.920464922905183, 4.920464922905183, 4.920464922905183, 4.920464922905183, 4.920464922905183, 4.920464922905183], "netIncome": [721000000.0, 1211199342.5299575, 1822894798.786927, 2469174015.8950405, 3008534434.0320263, 3613004755.656471, 3828214265.0701947, 4007356251.8255644, 4143707036.952862, 4231781782.666101, 4267688451.092024, 4303899787.59954], "netGrowth": [0.0, 67.98881311095111, 50.50328503145137, 35.45345664150174, 21.84375887097918, 20.09185318894076, 5.95652438809539, 4.679518291071539, 3.4025121940476932, 2.125506097023845, 0.8485000000000237, 0.848500000000002], "bvEquity": [0.0, 22225000000.0, 23436199342.529957, 25259094141.316883, 27728268157.21192, 30736802591.24395, 34349807346.90042, 37472203257.79911, 40001865003.311264, 41853612177.141884, 42964493146.80232, 43297954527.38933], "costOfEquity": [0.0, 5.9324972096754855, 5.9324972096754855, 5.9324972096754855, 5.9324972096754855, 5.9324972096754855, 5.9324972096754855, 5.9324972096754855, 5.9324972096754855, 5.9324972096754855, 5.9324972096754855, 5.9324972096754855], "returnOnEquity": [0.03244094488188976, 0.054497158269064455, 0.07778116119190442, 0.09775386251307229, 0.10850062531761574, 0.11754653871140501, 0.11144791079637995, 0.1069421038377697, 0.10358784613192047, 0.10110911729089096, 0.09933058994807788, 0.09940191943425383], "dividendpayout": [0.0, 0.0, 0.0, 0.0, 0.0, 0.0, 18.4372740212483, 36.8745480424966, 55.3118220637449, 73.7490960849932, 92.1863701062415, 92.1863701062415], "dividendPaid": [0.0, 0.0, 0.0, 0.0, 0.0, 0.0, 705818354.1715084, 1477694506.3134086, 2291959863.122243, 3120900813.0056605, 3934227070.505018, 3967608987.1982536], "retainedEarning": [0.0, 1211199342.5299575, 1822894798.786927, 2469174015.8950405, 3008534434.0320263, 3613004755.656471, 3122395910.8986864, 2529661745.5121555, 1851747173.8306189, 1110880969.6604404, 333461380.5870056, 336290800.4012861], "equityCost": [0.0, 1318497504.8503766, 1390351872.0495741, 1498495055.1229281, 1644978734.7179334, 1823459956.0690098, 2037801362.3837726, 2223037412.6728587, 2373109525.1395955, 2482964374.5573416, 2548867357.0852633, 2568649944.183933], "excessEquity": [0.0, -107298162.32041907, 432542926.73735285, 970678960.7721124, 1363555699.3140929, 1789544799.587461, 1790412902.686422, 1784318839.1527057, 1770597511.8132663, 1748817408.1087594, 1718821094.0067606, 1735249843.415607], "cumulatedDiscount": [0.0, 1.0593249720967548, 1.1221693965077904, 1.1887420646434472, 1.2592641544586585, 1.333969965284362, 1.4131076962527658, 1.4969402709026707, 1.5857462107044802, 1.6798205604070582, 1.7794758682807619, 1.8850432245133666], "presentValue": [0.0, -101289184.28878391, 385452435.3305602, 816559781.6741339, 1082819434.259421, 1341518059.7458086, 1267003857.8334703, 1191977311.2101145, 1116570545.6907032, 1041073939.2813371, 965914247.360599, 920535837.5076892], "Price Target USD": [14.98022160882425, 15.868922837770953, 16.81034624232727, 17.80761956409012, 18.86405609783939, 19.98316569947533, 21.16866644700153, 22.424496993295406, 23.75482965170642, 25.164084257957068, 26.656942854400757, 28.23836524542287], "Price Target Local": [14.98022160882425, 15.868922837770953, 16.81034624232727, 17.80761956409012, 18.86405609783939, 19.98316569947533, 21.16866644700153, 22.424496993295406, 23.75482965170642, 25.164084257957068, 26.656942854400757, 28.23836524542287], "Equity Invested": 22225000000.0, "PV of Equity Excess Return": 9107600428.097364, "Terminal  Value of Excess Equity Return": 19180706836.857998, "Value of Equity": 50513307264.95537, "Number of shares": 3372000000, "Estimated Value/Share": 14.98022160882425, "Estimated Value/Share (Local Currency)": 14.98022160882425, "Current price": 287.81, "Valuation": 94.79510037565608}, "2015Q3": {"Date": ["2014", "2015", "2016", "2017", "2018", "2019", "2020", "2021", "2022", "2023", "2024", "Terminal"], "revenueGrowth": [0.0, 50.22664802154398, 35.89560884273573, 21.564569663927486, 7.233530485119237, 7.2335304851192355, 6.226991054695389, 5.220451624271542, 4.213912193847695, 3.207372763423848, 2.200833333000001, 2.200833333], "revenue": [3788306000.0, 5691045120.599032, 7733880416.152859, 9401658446.218987, 10081730276.033024, 10810995308.977367, 11484195019.790928, 12083721865.236115, 12592919294.38594, 12996821157.954021, 13282859530.228672, 13575193130.345512], "netMargin": [-17.841615751209115, -13.289199616386256, -8.736783481563396, -4.184367346740537, 0.3680487880823229, 4.920464922905183, 4.920464922905183, 4.920464922905183, 4.920464922905183, 4.920464922905183, 4.920464922905183, 4.920464922905183], "netIncome": [-675895000.0, -756294346.3350153, -675692386.6823095, -393399926.075661, 37105686.098668166, 531951231.9951562, 565075787.6268367, 594575295.760367, 619630176.6500192, 639504026.1698469, 653578443.94367, 667962616.1952851], "netGrowth": [0.0, -11.895242062008936, 10.657485414680275, 41.77825089797468, 109.43205212792333, 1333.6110928676496, 6.226991054695414, 5.220451624271537, 4.2139121938477, 3.2073727634238374, 2.200833333000017, 2.2008333330000056], "bvEquity": [0.0, 1314656000.0, 558361653.6649847, -117330733.0173248, -510730659.0929858, -473624972.99431765, 58326259.00083858, 533291601.3134696, 938237662.0333378, 1261437771.9349012, 1493024886.142155, 1625485225.9208121], "costOfEquity": [0.0, 8.91199480372346, 8.91199480372346, 8.91199480372346, 8.91199480372346, 8.91199480372346, 8.91199480372346, 8.91199480372346, 8.91199480372346, 8.91199480372346, 8.91199480372346, 8.91199480372346], "returnOnEquity": [-0.5141230861913687, -0.5752792717905029, -1.2101339378289808, 3.3529145856232945, -0.07265216105209879, -1.1231486140439186, 9.688188430166804, 1.1149159189755828, 0.6604192111699756, 0.5069643865102603, 0.4377545545355639, 0.4109312133654704], "dividendpayout": [-0.0, 0.0, 0.0, 0.0, 0.0, 0.0, 15.94661234604385, 31.8932246920877, 47.83983703813155, 63.7864493841754, 79.73306173021925, 79.73306173021925], "dividendPaid": [0.0, -0.0, -0.0, -0.0, 0.0, 0.0, 90110445.31420566, 189629235.04049885, 296430066.7484558, 407916911.9625932, 521118104.16501284, 532587045.1057741], "retainedEarning": [0.0, -756294346.3350153, -675692386.6823095, -393399926.075661, 37105686.098668166, 531951231.9951562, 474965342.312631, 404946060.7198682, 323200109.90156335, 231587114.2072537, 132460339.7786572, 135375571.08951098], "equityCost": [0.0, 117162074.40683869, 49761161.56060781, -10456508.829674631, -45516289.799389474, -42209432.982390225, 5198033.171361021, 47526919.79775004, 83615691.68698753, 112419268.68704338, 133058300.27128695, 144863158.86935532], "excessEquity": [0.0, -873456420.741854, -725453548.2429173, -382943417.24598634, 82621975.89805764, 574160664.9775465, 559877754.4554757, 547048375.962617, 536014484.96303165, 527084757.4828035, 520520143.67238307, 523099457.32592976], "cumulatedDiscount": [0.0, 1.0891199480372347, 1.1861822612126287, 1.2918947626945876, 1.4070283568155049, 1.5324226508618184, 1.668992077877705, 1.8177325651327223, 1.9797287968829398, 2.1561621243889646, 2.3483191808743626, 2.5576012642487274], "presentValue": [0.0, -801983677.1110103, -611586913.7187142, -296419978.08494616, 58720903.17003565, 374675135.9063014, 335458605.1525288, 300950968.5065658, 270751471.5182101, 244455067.41853848, 221656471.53577092, 204527368.92104468], "Price Target USD": [2.444591075719738, 2.6624529053601687, 2.8997305699374514, 3.158154407652258, 3.4396089643557906, 3.746146736527585, 4.08000313902678, 4.443612806768601, 4.83962734920541, 5.270934687086175, 5.740680112506952, 6.252289225831959], "Price Target Local": [2.444591075719738, 2.6624529053601687, 2.8997305699374514, 3.158154407652258, 3.4396089643557906, 3.746146736527585, 4.08000313902678, 4.443612806768601, 4.83962734920541, 5.270934687086175, 5.740680112506952, 6.252289225831959], "Equity Invested": 1314656000.0, "PV of Equity Excess Return": 96678054.29328048, "Terminal  Value of Excess Equity Return": 3319169690.421227, "Value of Equity": 4730503744.714508, "Number of shares": 1935090000, "Estimated Value/Share": 2.444591075719738, "Estimated Value/Share (Local Currency)": 2.444591075719738, "Current price": 15.45, "Valuation": 84.17740404064894}, "2015Q1": {"Date": ["2014", "2015", "2016", "2017", "2018", "2019", "2020", "2021", "2022", "2023", "2024", "Terminal"], "revenueGrowth": [0.0, 50.22664802154398, 35.89560884273573, 21.564569663927486, 7.233530485119237, 7.2335304851192355, 6.1795243880953885, 5.1255182910715416, 4.071512194047695, 3.0175060970238476, 1.9635000000000005, 1.9635], "revenue": [3517694000.0, 5284513783.854972, 7181422180.948006, 8730064970.019278, 9361556880.996338, 10038727951.864985, 10659073593.905031, 11205406360.619411, 11661635846.984627, 12013526419.680107, 12249412010.930527, 12489929215.765148], "netMargin": [-11.326169928367845, -8.07684295811324, -4.827515987858634, -1.578189017604028, 1.6711379526505779, 4.920464922905183, 4.920464922905183, 4.920464922905183, 4.920464922905183, 4.920464922905183, 4.920464922905183, 4.920464922905183], "netIncome": [-398420000.0, -426821879.4218138, -346684303.9408912, -137776926.5865406, 156444529.9973015, 493952087.57739455, 524475977.294746, 551358089.4432645, 573806701.2878153, 591121353.4843067, 602728021.259971, 614562585.9574106], "netGrowth": [0.0, -7.128627935799855, 18.775414135160887, 60.258677701765464, 213.5491506983467, 215.73624695341834, 6.179524388095398, 5.125518291071556, 4.071512194047684, 3.0175060970238676, 1.9634999999999945, 1.9635000000000034], "bvEquity": [0.0, 825997000.0, 399175120.5781862, 52490816.63729501, -85286109.9492456, 71158420.04805589, 565110507.6254504, 1003657802.4055455, 1374349946.1403775, 1666123974.8505287, 1869854627.4437761, 1978836252.0749283], "costOfEquity": [0.0, 8.321128665113035, 8.321128665113035, 8.321128665113035, 8.321128665113035, 8.321128665113035, 8.321128665113035, 8.321128665113035, 8.321128665113035, 8.321128665113035, 8.321128665113035, 8.321128665113035], "returnOnEquity": [-0.482350420158911, -0.516735386958807, -0.868501782973687, -2.624781541094359, -1.8343494631236292, 6.941583121769857, 0.9280945411872671, 0.5493486805181819, 0.4175113499289257, 0.3547883365266005, 0.32233950833062514, 0.31056768103626814], "dividendpayout": [-0.0, 0.0, 0.0, 0.0, 0.0, 0.0, 16.383721320826208, 32.767442641652416, 49.15116396247862, 65.53488528330483, 81.91860660413104, 81.91860660413104], "dividendPaid": [0.0, -0.0, -0.0, -0.0, 0.0, 0.0, 85928682.51465093, 180665945.70843232, 282032672.577664, 387390700.8910593, 493746396.6288189, 503441107.12662584], "retainedEarning": [0.0, -426821879.4218138, -346684303.9408912, -137776926.5865406, 156444529.9973015, 493952087.57739455, 438547294.78009504, 370692143.73483217, 291774028.7101513, 203730652.5932474, 108981624.6311521, 111121478.83078474], "equityCost": [0.0, 68732273.13997371, 33215875.382430974, 4367828.389757877, -7096766.9423464965, 5921183.68826032, 47023572.43958714, 83515657.0956114, 114361427.32725252, 138640319.66760805, 155593009.4001666, 164661510.6070553], "excessEquity": [0.0, -495554152.5617875, -379900179.3233222, -142144754.97629848, 163541296.93964797, 488030903.8891342, 477452404.85515887, 467842432.3476531, 459445273.9605628, 452481033.8166987, 447135011.8598044, 449901075.35035527], "cumulatedDiscount": [0.0, 1.0832112866511303, 1.1733466915283972, 1.2709823794183222, 1.3767424585206358, 1.4913029698813782, 1.6153962087918596, 1.7498154057767883, 1.8954197970934445, 2.0531401171536143, 2.223984547977019, 2.4090451637064194], "presentValue": [0.0, -457486142.056227, -323774875.80287594, -111838493.81244172, 118788591.08869176, 327251345.7999439, 295563653.21188986, 267366735.25854903, 242397633.84613, 220384877.79587057, 201051312.27936244, 186754935.99221823], "Price Target USD": [2.5342024152769205, 2.745076658886515, 2.973498019628448, 3.220926615696319, 3.488944063597281, 3.7792635881830337, 4.093740973949512, 4.434386427608302, 4.803377427757898, 5.20307264379263, 5.636027013021913, 6.105008072375993], "Price Target Local": [2.5342024152769205, 2.745076658886515, 2.973498019628448, 3.220926615696319, 3.488944063597281, 3.7792635881830337, 4.093740973949512, 4.434386427608302, 4.803377427757898, 5.20307264379263, 5.636027013021913, 6.105008072375993], "Equity Invested": 825997000.0, "PV of Equity Excess Return": 779704637.6088929, "Terminal  Value of Excess Equity Return": 3181926236.3443418, "Value of Equity": 4787627873.953235, "Number of shares": 1889205000, "Estimated Value/Share": 2.5342024152769205, "Estimated Value/Share (Local Currency)": 2.5342024152769205, "Current price": 15.97, "Valuation": 84.13148143220462}, "2015Q2": {"Date": ["2014", "2015", "2016", "2017", "2018", "2019", "2020", "2021", "2022", "2023", "2024", "Terminal"], "revenueGrowth": [0.0, 50.22664802154398, 35.89560884273573, 21.564569663927486, 7.233530485119237, 7.2335304851192355, 6.218191054695389, 5.202851624271542, 4.187512193847695, 3.172172763423848, 2.1568333330000007, 2.156833333], "revenue": [3703321000.0, 5563375003.777924, 7560382333.588581, 9190746248.774557, 9855561680.489616, 10568466739.127562, 11225634192.51845, 11809687283.438677, 12304219378.487953, 12694530474.364267, 12968330339.103199, 13248035610.59053], "netMargin": [-14.061567981819561, -10.265161400874613, -6.468754819929664, -2.6723482389847155, 1.1240583419602332, 4.920464922905183, 4.920464922905183, 4.920464922905183, 4.920464922905183, 4.920464922905183, 4.920464922905183, 4.920464922905183], "netIncome": [-520745000.0, -571089423.4737179, -489062596.6091222, -245608745.52868068, 110782263.21657968, 520017698.78767294, 552353392.8165209, 581091520.2863941, 605424798.555802, 624629919.1186028, 638102145.4220438, 651864945.1930946], "netGrowth": [0.0, -9.667768960569555, 14.36321940015243, 49.77969134593609, 145.10517855466315, 369.4051950997216, 6.218191054695408, 5.202851624271516, 4.187512193847723, 3.172172763423834, 2.156833333000013, 2.1568333330000056], "bvEquity": [0.0, 715934000.0, 144844576.52628207, -344218020.08284014, -589826765.6115208, -479044502.3949411, 40973196.392731845, 504797323.9414975, 899618221.060503, 1213936927.2771864, 1438112872.378499, 1564851144.28527], "costOfEquity": [0.0, 8.620827521061333, 8.620827521061333, 8.620827521061333, 8.620827521061333, 8.620827521061333, 8.620827521061333, 8.620827521061333, 8.620827521061333, 8.620827521061333, 8.620827521061333, 8.620827521061333], "returnOnEquity": [-0.7273645336022594, -0.7976844562120502, -3.376464679161679, 0.7135266929650342, -0.18782169558162184, -1.0855310857089266, 13.480847027948784, 1.1511382741675125, 0.6729796978123731, 0.5145489070174539, 0.4437079715215154, 0.41656674347183825], "dividendpayout": [-0.0, 0.0, 0.0, 0.0, 0.0, 0.0, 16.027649403280236, 32.05529880656047, 48.08294820984071, 64.11059761312094, 80.13824701640118, 80.13824701640118], "dividendPaid": [0.0, -0.0, -0.0, -0.0, 0.0, 0.0, 88529265.26775526, 186270623.1673886, 291106092.3391187, 400453974.01729023, 511363873.5152729, 522393139.99217033], "retainedEarning": [0.0, -571089423.4737179, -489062596.6091222, -245608745.52868068, 110782263.21657968, 520017698.78767294, 463824127.54876566, 394820897.11900556, 314318706.21668327, 224175945.10131252, 126738271.90677088, 129471805.20092428], "equityCost": [0.0, 61719435.30463525, 12486801.115942469, -29674441.80775391, -50847948.13642391, -41297600.3005944, 3532228.5908831363, 43517706.62792975, 77554535.18566623, 104651408.71503799, 123977230.28593129, 134903118.11018774], "excessEquity": [0.0, -632808858.7783532, -501549397.7250647, -215934303.72092676, 161630211.3530036, 561315299.0882673, 548821164.2256378, 537573813.6584644, 527870263.3701358, 519978510.40356475, 514124915.1361125, 516961827.08290684], "cumulatedDiscount": [0.0, 1.0862082752106132, 1.1798484171360153, 1.2815611141872834, 1.392042287418361, 1.5120478520369345, 1.6423988893969512, 1.783987264859689, 1.9377817299609423, 2.1048345506355135, 2.2862887068495072, 2.483385712900507], "presentValue": [0.0, -582585194.0371685, -425096470.39450586, -168493177.0560657, 116110130.28401461, 371228528.4702459, 334158265.5521349, 301332764.1107038, 272409557.38641185, 247040086.9496215, 224873137.67322662, 208168157.04360065], "Price Target USD": [2.5811055035532955, 2.8036181571512464, 3.0453132428284135, 3.3078444449686906, 3.59300800923445, 3.902755032528471, 4.239204812452291, 4.604659347598335, 5.001619087887215, 5.432800042714452, 5.90115236396101, 6.409880531013122], "Price Target Local": [2.5811055035532955, 2.8036181571512464, 3.0453132428284135, 3.3078444449686906, 3.59300800923445, 3.902755032528471, 4.239204812452291, 4.604659347598335, 5.001619087887215, 5.432800042714452, 5.90115236396101, 6.409880531013122], "Equity Invested": 715934000.0, "PV of Equity Excess Return": 690977628.9386191, "Terminal  Value of Excess Equity Return": 3498053498.156333, "Value of Equity": 4904965127.094952, "Number of shares": 1900335000, "Estimated Value/Share": 2.5811055035532955, "Estimated Value/Share (Local Currency)": 2.5811055035532955, "Current price": 16.17, "Valuation": 84.03769014500126}, "2015Q4": {"Date": ["2014", "2015", "2017", "2018", "2019", "2020", "2021", "2022", "2023", "2024", "2025", "Terminal"], "revenueGrowth": [0.0, 33.98079439709706, 25.065039759771118, 16.14928512244518, 7.233530485119237, 7.2335304851192355, 6.224157721495388, 5.21478495787154, 4.2054121942476925, 3.1960394306238453, 2.186666666999998, 2.186666667], "revenue": [4046024000.0, 5420895096.697203, 6779644608.01984, 7874508746.057445, 8444113736.75689, 9054921278.10334, 9618513860.009737, 10120098673.952312, 10545690537.6566, 10882734965.471674, 11120704103.419598, 11363876833.184776], "netMargin": [-21.963858840184834, -16.58699408756683, -11.210129334948826, -5.833264582330823, -0.45639982971282045, 4.920464922905183, 4.920464922905183, 4.920464922905183, 4.920464922905183, 4.920464922905183, 4.920464922905183, 4.920464922905183], "netIncome": [-888663000.0, -899163549.1823651, -760006929.0089085, -459340929.716312, -38538920.71531533, 445544225.2857526, 473275600.5865525, 497955905.41521615, 518897003.7835241, 535481156.62877125, 547190344.5888387, 559155573.4590054], "netGrowth": [0.0, -1.1816120601808626, 15.476230136330106, 39.56095501453938, 91.60995282107413, 1256.0890056495375, 6.224157721495372, 5.214784957871522, 4.205412194247681, 3.1960394306238475, 2.1866666670000092, 2.1866666670000154], "bvEquity": [0.0, 1088944000.0, 189780450.81763494, -570226478.1912736, -1029567407.9075856, -1068106328.622901, -622562103.3371484, -224881412.69207907, 114000448.85508084, 384251807.9784553, 577609687.9325374, 687794567.1141477], "costOfEquity": [0.0, 9.361884360877255, 9.361884360877255, 9.361884360877255, 9.361884360877255, 9.361884360877255, 9.361884360877255, 9.361884360877255, 9.361884360877255, 9.361884360877255, 9.361884360877255, 9.361884360877255], "returnOnEquity": [-0.8160777781042918, -0.8257206515508282, -4.004663945809778, 0.8055412143843542, 0.037432149094189855, -0.41713471154148896, -0.760206247777742, -2.21430441695529, 4.551710181800724, 1.393568346355823, 0.9473358152066667, 0.8129688720937612], "dividendpayout": [-0.0, 0.0, 0.0, 0.0, 0.0, 0.0, 15.972703821577714, 31.945407643155427, 47.918111464733144, 63.890815286310854, 79.86351910788856, 79.86351910788856], "dividendPaid": [0.0, -0.0, -0.0, -0.0, -0.0, 0.0, 75594909.94148314, 159074043.86805627, 248645644.66014963, 342123276.6746891, 437005465.40722847, 446561318.2522566], "retainedEarning": [0.0, -899163549.1823651, -760006929.0089085, -459340929.716312, -38538920.71531533, 445544225.2857526, 397680690.64506936, 338881861.5471599, 270251359.12337446, 193357879.95408213, 110184879.18161023, 112594255.20674878], "equityCost": [0.0, 101945678.03471123, 17767026.345098518, -53383943.48336999, -96386910.14558959, -99994879.33688758, -58283544.189068995, -21053137.80533959, 10672590.192693688, 35973209.91752311, 54075151.04146814, 64390532.013622805], "excessEquity": [0.0, -1001109227.2170763, -777773955.354007, -405956986.232942, 57847989.43027426, 545539104.6226401, 531559144.7756215, 519009043.2205557, 508224413.5908304, 499507946.71124816, 493115193.54737055, 494765041.44538254], "cumulatedDiscount": [0.0, 1.0936188436087726, 1.1960021750961891, 1.3079705156822712, 1.4304212028348153, 1.5643355817176803, 1.7107868698941462, 1.8709487583147077, 2.0461048175193994, 2.237658784437904, 2.4471458122279923, 2.6762447733108274], "presentValue": [0.0, -915409635.6949841, -650311489.0166936, -310371664.625165, 40441227.60179369, 348735342.33851814, 310710325.24846965, 277404199.82857406, 248386304.18112087, 223227933.67118466, 201506257.2419484, 184872866.03209332], "Price Target USD": [1.8718653957492726, 2.047107269490597, 2.238755084803419, 2.4483447469659745, 2.677555950932542, 2.928225642756634, 3.202362741257065, 3.5021642379093705, 3.830032803990444, 4.188596046083695, 4.580727564262327, 5.009569981715396], "Price Target Local": [1.8718653957492726, 2.047107269490597, 2.238755084803419, 2.4483447469659745, 2.677555950932542, 2.928225642756634, 3.202362741257065, 3.5021642379093705, 3.830032803990444, 4.188596046083695, 4.580727564262327, 5.009569981715396], "Equity Invested": 1088944000.0, "PV of Equity Excess Return": -225681199.22523305, "Terminal  Value of Excess Equity Return": 2817760499.9661775, "Value of Equity": 3681023300.7409444, "Number of shares": 1966500000, "Estimated Value/Share": 1.8718653957492726, "Estimated Value/Share (Local Currency)": 1.8718653957492726, "Current price": 11.93, "Valuation": 84.3095943357144}, "2017Q3": {"Date": ["2016", "2017", "2018", "2019", "2020", "2021", "2022", "2023", "2024", "2025", "2026", "Terminal"], "revenueGrowth": [0.0, 38.84418163904937, 28.307297921072657, 17.770414203095946, 7.2335304851192355, 7.2335304851192355, 6.233857721495388, 5.234184957871541, 4.234512194247694, 3.234839430623847, 2.2351666669999997, 2.235166667], "revenue": [10755133000.0, 14932876398.04134, 19159970208.220444, 22564776275.411003, 24197006246.19181, 25947304069.4963, 27564822087.75248, 29007615859.13367, 30235946889.94921, 31214031222.16777, 31911716843.47264, 32624996901.22537], "netMargin": [-13.085723812062575, -9.484486065069024, -5.883248318075473, -2.282010571081921, 1.3192271759116307, 4.920464922905183, 4.920464922905183, 4.920464922905183, 4.920464922905183, 4.920464922905183, 4.920464922905183, 4.920464922905183], "netIncome": [-1407387000.0, -1416306581.0862122, -1127228625.0188909, -514930579.94586444, 319213482.1567971, 1276727995.1791146, 1356317401.889081, 1427309563.3197534, 1487749160.8281918, 1535875457.3114374, 1570204833.5798967, 1605301528.6236973], "netGrowth": [0.0, -0.6337688984062065, 20.41069073093044, 54.31888717896648, 161.99155664640398, 299.9605488317025, 6.233857721495382, 5.234184957871543, 4.234512194247685, 3.2348394306238384, 2.235166667000017, 2.2351666669999948], "bvEquity": [0.0, 4711480000.0, 3295173418.913788, 2167944793.894897, 1653014213.9490325, 1972227696.1058297, 3248955691.2849445, 4389844061.369307, 5363743653.124401, 6142578305.801844, 6702658090.860185, 7025855009.618423], "costOfEquity": [0.0, 7.701330551234012, 7.701330551234012, 7.701330551234012, 7.701330551234012, 7.701330551234012, 7.701330551234012, 7.701330551234012, 7.701330551234012, 7.701330551234012, 7.701330551234012, 7.701330551234012], "returnOnEquity": [-0.29871441670133375, -0.30060757576944236, -0.34208476511396096, -0.23752015337104038, 0.19310994392129252, 0.6473532430864947, 0.41746257282833693, 0.325139012540354, 0.27737141389327435, 0.2500375869625884, 0.23426599004371781, 0.22848486432270992], "dividendpayout": [-0.0, 0.0, 0.0, 0.0, 0.0, 0.0, 15.883378883487643, 31.766757766975285, 47.650136650462926, 63.53351553395057, 79.41689441743821, 79.41689441743821], "dividendPaid": [0.0, -0.0, -0.0, -0.0, 0.0, 0.0, 215429031.80471852, 453409971.56465876, 708914508.1507488, 975795672.2530963, 1247007914.821658, 1274880620.0686033], "retainedEarning": [0.0, -1416306581.0862122, -1127228625.0188909, -514930579.94586444, 319213482.1567971, 1276727995.1791146, 1140888370.0843625, 973899591.7550946, 778834652.6774429, 560079785.058341, 323196918.7582388, 330420908.555094], "equityCost": [0.0, 362846648.65528023, 253772197.22694984, 166960594.74611494, 127304088.6750976, 151887774.10009694, 250212817.24898362, 338076401.8497664, 413079628.64794475, 473060259.69819, 516193855.29617375, 541084318.341149], "excessEquity": [0.0, -1779153229.7414923, -1381000822.2458408, -681891174.6919794, 191909393.48169953, 1124840221.0790176, 1106104584.6400974, 1089233161.469987, 1074669532.180247, 1062815197.6132474, 1054010978.2837229, 1064217210.2825483], "cumulatedDiscount": [0.0, 1.07701330551234, 1.1599576602506172, 1.2492898339208771, 1.3455017735740862, 1.4491233127297427, 1.5607250891380526, 1.6809216872486157, 1.8103750226910116, 1.949797987405424, 2.099958375496824, 2.2616831114321583], "presentValue": [0.0, -1651932451.1920872, -1190561405.4460106, -545823039.7600166, 142630353.4122637, 776221189.1823986, 708711990.5600863, 647997565.7003256, 593617078.6220949, 545089903.9174435, 501919938.3103758, 470542139.5699672], "Price Target USD": [5.782463737711146, 6.227790384157522, 6.70741310767946, 7.223973162538653, 7.780315214718188, 8.379503007331587, 9.024836232476787, 9.719868702447357, 10.468427920368768, 11.274636158034038, 12.14293315701319, 13.07810057805017], "Price Target Local": [5.782463737711146, 6.227790384157522, 6.70741310767946, 7.223973162538653, 7.780315214718188, 8.379503007331587, 9.024836232476787, 9.719868702447357, 10.468427920368768, 11.274636158034038, 12.14293315701319, 13.07810057805017], "Equity Invested": 4711480000.0, "PV of Equity Excess Return": 527871123.3068744, "Terminal  Value of Excess Equity Return": 9271221204.742853, "Value of Equity": 14510572328.049728, "Number of shares": 2509410000, "Estimated Value/Share": 5.782463737711146, "Estimated Value/Share (Local Currency)": 5.782463737711146, "Current price": 20.41, "Valuation": 71.66847752223838}, "2017Q1": {"Date": ["2016", "2017", "2018", "2019", "2020", "2021", "2022", "2023", "2024", "2025", "2026", "Terminal"], "revenueGrowth": [0.0, 38.84418163904937, 28.307297921072657, 17.770414203095946, 7.2335304851192355, 7.2335304851192355, 6.275657721495389, 5.317784957871542, 4.359912194247695, 3.402039430623848, 2.444166667000001, 2.444166667], "revenue": [8549354000.0, 11870280596.725332, 15230436289.307652, 17936947902.85626, 19234422497.50932, 20625750312.50329, 21920151804.60626, 23085818340.014217, 24092339748.962368, 24911970646.98193, 25520860729.62829, 26144633100.713356], "netMargin": [-8.455890351481527, -5.7806192966041845, -3.1053482417268423, -0.43007718684950014, 2.245193868027842, 4.920464922905183, 4.920464922905183, 4.920464922905183, 4.920464922905183, 4.920464922905183, 4.920464922905183, 4.920464922905183], "netIncome": [-722924000.0, -686175730.7353668, -472958085.51734203, -77142720.94726461, 431850074.464647, 1014882809.2127306, 1078573380.5932186, 1135929593.5860114, 1185455126.4548361, 1225784777.2891815, 1255745000.2248437, 1286437500.9428585], "netGrowth": [0.0, 5.083282511665566, 31.07332942095195, 83.6893113133096, 659.8066404215418, 135.0081357449929, 6.275657721495376, 5.317784957871551, 4.359912194247689, 3.4020394306238497, 2.4441666669999926, 2.4441666670000006], "bvEquity": [0.0, 4987719000.0, 4301543269.264633, 3828585183.747291, 3751442462.8000264, 4183292537.264673, 5198175346.477404, 6109586540.101458, 6893413108.481348, 7527686623.028587, 7993560696.745714, 8276200462.360898], "costOfEquity": [0.0, 8.417738961027673, 8.417738961027673, 8.417738961027673, 8.417738961027673, 8.417738961027673, 8.417738961027673, 8.417738961027673, 8.417738961027673, 8.417738961027673, 8.417738961027673, 8.417738961027673], "returnOnEquity": [-0.14494080360180675, -0.13757305308004858, -0.10995079112576175, -0.020149145766624917, 0.11511573981127246, 0.24260383422201007, 0.20749076525941448, 0.18592577192091755, 0.17196925641904517, 0.1628368499745033, 0.15709457247707825, 0.15543817562097628], "dividendpayout": [-0.0, 0.0, 0.0, 0.0, 0.0, 0.0, 15.49845286161479, 30.99690572322958, 46.49535858484437, 61.99381144645916, 77.49226430807396, 77.49226430807396], "dividendPaid": [0.0, -0.0, -0.0, -0.0, 0.0, 0.0, 167162186.96916506, 352103025.20612085, 551181611.9075963, 759910703.5720545, 973105234.6096598, 996889548.3888212], "retainedEarning": [0.0, -686175730.7353668, -472958085.51734203, -77142720.94726461, 431850074.464647, 1014882809.2127306, 911411193.6240535, 783826568.3798906, 634273514.5472398, 465874073.71712697, 282639765.61518395, 289547952.5540372], "equityCost": [0.0, 419853165.5295799, 362092683.7023526, 322280306.66842866, 315786633.79165393, 352138645.7630915, 437568831.4029637, 514289046.54382306, 580269520.9772233, 633661009.7307458, 672877073.1433592, 696668950.8129058], "excessEquity": [0.0, -1106028896.2649467, -835050769.2196946, -399423027.6156933, 116063440.67299306, 662744163.4496391, 641004549.1902549, 621640547.0421884, 605185605.4776129, 592123767.5584357, 582867927.0814846, 589768550.1299527], "cumulatedDiscount": [0.0, 1.0841773896102767, 1.1754406121421537, 1.2743861345141858, 1.381660632673121, 1.4979652180588274, 1.6240600198420083, 1.7607691528827227, 1.9089861038786884, 2.069679570905489, 2.2438997945140304, 2.4327854217632576], "presentValue": [0.0, -1020154918.248687, -710415107.8274182, -313423864.86962134, 84002857.08976398, 442429607.4834577, 394692647.6600373, 353050566.58020246, 317019387.5418964, 286094415.7164292, 259756664.9395404, 242425223.7184546], "Price Target USD": [3.8984116043025794, 4.226569716779181, 4.5823513225434995, 4.96808169515241, 5.386281843620938, 5.839684988922177, 6.3312544274359634, 6.864202898096029, 7.4420135798130485, 8.068462856405942, 8.74764499782567, 9.48399891898003], "Price Target Local": [3.8984116043025794, 4.226569716779181, 4.5823513225434995, 4.96808169515241, 5.386281843620938, 5.839684988922177, 6.3312544274359634, 6.864202898096029, 7.4420135798130485, 8.068462856405942, 8.74764499782567, 9.48399891898003], "Equity Invested": 4987719000.0, "PV of Equity Excess Return": 93052256.06560099, "Terminal  Value of Excess Equity Return": 4399912368.843992, "Value of Equity": 9480683624.909594, "Number of shares": 2431935000, "Estimated Value/Share": 3.8984116043025794, "Estimated Value/Share (Local Currency)": 3.8984116043025794, "Current price": 21.68, "Valuation": 82.01839665912094}, "2017Q2": {"Date": ["2016", "2017", "2018", "2019", "2020", "2021", "2022", "2023", "2024", "2025", "2026", "Terminal"], "revenueGrowth": [0.0, 38.84418163904937, 28.307297921072657, 17.770414203095946, 7.2335304851192355, 7.2335304851192355, 6.239824388095388, 5.246118291071541, 4.252412194047694, 3.258706097023847, 2.2649999999999997, 2.265], "revenue": [10068894000.0, 13980073474.403343, 17937454522.38755, 21125014488.507786, 22653098851.51985, 24291717662.768734, 25807478185.77745, 27161369019.345818, 28316382387.59477, 29239130066.91591, 29901396362.931557, 30578662990.55196], "netMargin": [-7.608909181087814, -5.1030343602892145, -2.5971595394906153, -0.09128471869201604, 2.414590102106583, 4.920464922905183, 4.920464922905183, 4.920464922905183, 4.920464922905183, 4.920464922905183, 4.920464922905183, 4.920464922905183], "netIncome": [-766133000.0, -713407952.9924808, -465864311.26997906, -19283910.049481962, 546979482.6892184, 1195265446.7676985, 1269847911.6175866, 1336465635.1777465, 1393297662.817302, 1438701138.7052202, 1471287719.4968936, 1504612386.3434985], "netGrowth": [0.0, 6.88197049435532, 34.69874994863013, 95.86061658234503, 2936.4552691113195, 118.5210752131304, 6.239824388095383, 5.24611829107152, 4.252412194047694, 3.258706097023851, 2.265000000000013, 2.2650000000000126], "bvEquity": [0.0, 5105752000.0, 4392344047.007519, 3926479735.73754, 3907195825.688058, 4454175308.377276, 5649440755.144975, 6718291637.014673, 7631674128.812414, 8363360217.789631, 8891165955.780949, 9198044698.35275], "costOfEquity": [0.0, 7.866935022841751, 7.866935022841751, 7.866935022841751, 7.866935022841751, 7.866935022841751, 7.866935022841751, 7.866935022841751, 7.866935022841751, 7.866935022841751, 7.866935022841751, 7.866935022841751], "returnOnEquity": [-0.1500529207059019, -0.13972632297700335, -0.10606280070145462, -0.004911246548394505, 0.1399928509067997, 0.2683471942650483, 0.22477409121621988, 0.1989293867230235, 0.1825677615815754, 0.17202429421190918, 0.16547747807364643, 0.16357959062896865], "dividendpayout": [-0.0, 0.0, 0.0, 0.0, 0.0, 0.0, 15.828433303626856, 31.65686660725371, 47.48529991088057, 63.31373321450742, 79.14216651813427, 79.14216651813427], "dividendPaid": [0.0, -0.0, -0.0, -0.0, 0.0, 0.0, 200997029.74788818, 423083143.38000524, 661611573.8400854, 910895400.7139034, 1164408976.9250917, 1190782840.2524452], "retainedEarning": [0.0, -713407952.9924808, -465864311.26997906, -19283910.049481962, 546979482.6892184, 1195265446.7676985, 1068850881.8696984, 913382491.7977413, 731686088.9772166, 527805737.9913168, 306878742.5718019, 313829546.09105325], "equityCost": [0.0, 401666192.2674432, 345542852.1577393, 308893609.4955208, 307376556.8220648, 350407077.3135016, 444437833.36119556, 528523637.7289558, 600378844.8686969, 657940114.0597067, 699462248.514314, 723604199.7913516], "excessEquity": [0.0, -1115074145.259924, -811407163.4277184, -328177519.54500276, 239602925.86715358, 844858369.4541969, 825410078.256391, 807941997.4487908, 792918817.9486051, 780761024.6455135, 771825470.9825796, 781008186.5521469], "cumulatedDiscount": [0.0, 1.0786693502284175, 1.1635275671221963, 1.2550615248005508, 1.3537963994532969, 1.460298682539859, 1.5751794310346838, 1.6990977733673507, 1.8327646911727111, 1.9769470985488546, 2.132472242227648, 2.300232447903834], "presentValue": [0.0, -1033749726.0154815, -697368232.9114103, -261483212.62350497, 176985938.18384534, 578551757.6341007, 524010193.37473583, 475512363.1570501, 432635363.26709175, 394932684.4499877, 361939281.41184443, 339534461.94703823], "Price Target USD": [5.082583213087603, 5.482426731943067, 5.913725680619935, 6.378954637343411, 6.880782853799768, 7.422089569971032, 8.005980533777768, 8.635805820311424, 9.31517905289411, 10.047998136246655, 10.838467620721529, 11.691122825915434], "Price Target Local": [5.082583213087603, 5.482426731943067, 5.913725680619935, 6.378954637343411, 6.880782853799768, 7.422089569971032, 8.005980533777768, 8.635805820311424, 9.31517905289411, 10.047998136246655, 10.838467620721529, 11.691122825915434], "Equity Invested": 5105752000.0, "PV of Equity Excess Return": 951966409.9282591, "Terminal  Value of Excess Equity Return": 6537837657.081178, "Value of Equity": 12595556067.009438, "Number of shares": 2478180000, "Estimated Value/Share": 5.082583213087603, "Estimated Value/Share (Local Currency)": 5.082583213087603, "Current price": 23.79, "Valuation": 78.63563172304497}, "2017Q4": {"Date": ["2016", "2017", "2019", "2020", "2021", "2022", "2023", "2024", "2025", "2026", "2027", "Terminal"], "revenueGrowth": [0.0, 41.87348021706326, 30.326830306415253, 18.780180395767246, 7.233530485119237, 7.2335304851192355, 6.263557721495388, 5.293584957871541, 4.323612194247694, 3.353639430623847, 2.383666667, 2.383666667], "revenue": [11758751000.0, 16682549273.758728, 21741837682.795647, 25824994020.979572, 27693052836.26735, 29696238255.438923, 31556279279.681133, 33226737732.894264, 34663333017.26437, 35825816221.29981, 36679784260.74762, 37554108051.69858], "netMargin": [-16.680343005817537, -12.360181420072994, -8.04001983432845, -3.7198582485839067, 0.6003033371606374, 4.920464922905183, 4.920464922905183, 4.920464922905183, 4.920464922905183, 4.920464922905183, 4.920464922905183, 4.920464922905183], "netIncome": [-1961400000.0, -2061993355.7296484, -1748048062.0442672, -960653170.2857093, 166242320.33777148, 1461192986.7812223, 1552715652.9307067, 1634909975.1727633, 1705597142.2243044, 1762796720.5135326, 1804815918.347383, 1847836713.7937398], "netGrowth": [0.0, -5.12865074587786, 15.225330033824955, 45.04423584542254, 117.30513420242283, 778.9536766645025, 6.263557721495393, 5.293584957871531, 4.323612194247666, 3.353639430623873, 2.383666667000009, 2.383666667000015], "bvEquity": [0.0, 4237242000.0, 2175248644.2703514, 427200582.22608423, -533452588.059625, -367210267.72185355, 1093982719.0593688, 2404321340.2211685, 3528816383.666009, 4435688584.954254, 5097803578.137763, 5493971608.01746], "costOfEquity": [0.0, 7.794149013771835, 7.794149013771835, 7.794149013771835, 7.794149013771835, 7.794149013771835, 7.794149013771835, 7.794149013771835, 7.794149013771835, 7.794149013771835, 7.794149013771835, 7.794149013771835], "returnOnEquity": [-0.4628954400055508, -0.48663573044203007, -0.803608390539013, -2.2487169031462364, -0.3116346683075615, -3.979172466626165, 1.419323747879461, 0.6799881312962814, 0.48333405787818223, 0.3974121913095738, 0.3540379480463791, 0.3363389630731174], "dividendpayout": [-0.0, 0.0, 0.0, 0.0, 0.0, 0.0, 15.609878815314797, 31.219757630629594, 46.82963644594439, 62.43951526125919, 78.04939407657399, 78.04939407657399], "dividendPaid": [0.0, -0.0, -0.0, -0.0, 0.0, 0.0, 242377031.76890725, 510414931.7279232, 798724940.9360589, 1100681727.3300238, 1408647888.4676867, 1442225358.6404905], "retainedEarning": [0.0, -2061993355.7296484, -1748048062.0442672, -960653170.2857093, 166242320.33777148, 1461192986.7812223, 1310338621.1617994, 1124495043.4448402, 906872201.2882456, 662114993.1835089, 396168029.87969637, 405611355.15324926], "equityCost": [0.0, 330256955.55412596, 169542120.7544828, 33296649.966401882, -41578089.63118959, -28620915.460111763, 85266643.30840011, 187396388.026754, 275041207.3653232, 345724178.0982019, 397330407.3094498, 428208333.90319747], "excessEquity": [0.0, -2392250311.2837744, -1917590182.79875, -993949820.2521112, 207820409.96896106, 1489813902.2413342, 1467449009.6223066, 1447513587.1460094, 1430555934.8589811, 1417072542.415331, 1407485511.0379333, 1419628379.8905423], "cumulatedDiscount": [0.0, 1.0779414901377184, 1.161957856160325, 1.2525225829466895, 1.3501460594926986, 1.4553784552731281, 1.5688128207914467, 1.6910884297910895, 1.8228943819636616, 1.9649734864575847, 2.118126448073197, 2.2832163797361344], "presentValue": [0.0, -2219276587.060527, -1650309581.050902, -793558402.6866333, 153924391.0003686, 1023660819.523224, 935388205.76568, 855965638.2515903, 784771706.475915, 721166240.7567652, 664495508.4330708, 621766904.1313576], "Price Target USD": [6.773474751830954, 7.301409467398871, 7.870492201393584, 8.483930091687492, 9.145180245257846, 9.857969221151269, 10.626314031979563, 11.454544782303397, 12.347329071485351, 13.309698298537691, 14.347076017209176, 15.465308501109583], "Price Target Local": [6.773474751830954, 7.301409467398871, 7.870492201393584, 8.483930091687492, 9.145180245257846, 9.857969221151269, 10.626314031979563, 11.454544782303397, 12.347329071485351, 13.309698298537691, 14.347076017209176, 15.465308501109583], "Equity Invested": 4237242000.0, "PV of Equity Excess Return": 476227939.4085517, "Terminal  Value of Excess Equity Return": 12387589501.286575, "Value of Equity": 17101059440.695127, "Number of shares": 2524710000, "Estimated Value/Share": 6.773474751830954, "Estimated Value/Share (Local Currency)": 6.773474751830954, "Current price": 23.47, "Valuation": 71.13986045236067}, "2023Q3": {"Date": ["2022", "2023", "2024", "2025", "2026", "2027", "2028", "2029", "2030", "2031", "2032", "Terminal"], "revenueGrowth": [0.0, 34.335722917382306, 25.301658773294616, 16.267594629206926, 7.2335304851192355, 7.2335304851192355, 6.493557721495389, 5.753584957871542, 5.013612194247695, 4.273639430623849, 3.5336666670000016, 3.533666667], "revenue": [95924000000.0, 128860198851.2698, 161463966659.207, 187730270227.56464, 201309796554.27225, 215871602057.55704, 229889349141.48132, 243116228153.4344, 255305133014.33002, 266215953847.2371, 275623138270.57306, 285362741234.17957], "netMargin": [11.241190942829741, 10.50832668325971, 9.77546242368968, 9.04259816411965, 8.309733904549619, 7.576869644979592, 7.576869644979592, 7.576869644979592, 7.576869644979592, 7.576869644979592, 7.576869644979592, 7.576869644979592], "netIncome": [10783000000.0, 13541050659.98951, 15783849388.569613, 16975693969.094616, 16728308417.45022, 16356309888.43018, 17418416312.14205, 18420599692.9769, 19344137125.437542, 20170835797.144188, 20883605898.163177, 21621562918.654213], "netGrowth": [0.0, 25.577767411569223, 16.56295944011955, 7.551038730692124, -1.4572927156602713, -2.223766562266322, 6.493557721495391, 5.753584957871533, 5.013612194247698, 4.273639430623851, 3.533666667000008, 3.533666666999987], "bvEquity": [0.0, 53466000000.0, 67007050659.98951, 82790900048.55913, 99766594017.65375, 116494902435.10397, 132851212323.53415, 147919559453.16797, 161369594327.1597, 172884076958.28802, 182169225160.68607, 188964891672.9049], "costOfEquity": [0.0, 8.670001108799944, 8.670001108799944, 8.670001108799944, 8.670001108799944, 8.670001108799944, 8.670001108799944, 8.670001108799944, 8.670001108799944, 8.670001108799944, 8.670001108799944, 8.670001108799944], "returnOnEquity": [0.20167957206448958, 0.25326470392379286, 0.2355550532832851, 0.20504299336204712, 0.16767444636317982, 0.1404036532632131, 0.13111221198134626, 0.12453119628718842, 0.11987473356485832, 0.11667260601455409, 0.11463849549638458, 0.11442105846879101], "dividendpayout": [0.0, 0.0, 0.0, 0.0, 0.0, 0.0, 13.491864819363816, 26.98372963872763, 40.47559445809145, 53.96745927745526, 67.45932409681907, 67.45932409681907], "dividendPaid": [0.0, 0.0, 0.0, 0.0, 0.0, 0.0, 2350069182.5082216, 4970564818.985179, 7829654494.309209, 10885687594.746159, 14087939385.944323, 14585760204.092598], "retainedEarning": [0.0, 13541050659.98951, 15783849388.569613, 16975693969.094616, 16728308417.45022, 16356309888.43018, 15068347129.633831, 13450034873.991718, 11514482631.128334, 9285148202.39803, 6795666512.218855, 7035802714.561615], "equityCost": [0.0, 4635502792.830978, 5809512035.195231, 7177971952.195531, 8649764807.542519, 10100109332.818928, 11518201581.50458, 12824627444.721657, 13990745617.43072, 14989051389.222122, 15794073841.32375, 16383258203.28347], "excessEquity": [0.0, 8905547867.158531, 9974337353.374382, 9797722016.899086, 8078543609.9077015, 6256200555.611252, 5900214730.637472, 5595972248.255241, 5353391508.006823, 5181784407.922066, 5089532056.839428, 5238304715.370743], "cumulatedDiscount": [0.0, 1.0867000110879994, 1.180916914098658, 1.2833024236450177, 1.3945647580042972, 1.515473537986203, 1.6468651105331764, 1.789648333876842, 1.9448108642675839, 2.113425987763645, 2.296660044336419, 2.495780495645752], "presentValue": [0.0, 8195037983.152622, 8446265130.335063, 7634772471.690816, 5792878074.352434, 4128214976.240785, 3582694595.264857, 3126855786.316921, 2752654053.083414, 2451840962.457953, 2216058083.733486, 2098864353.0589805], "Price Target USD": [41.8549039541893, 45.48372459110466, 49.42716401747695, 53.71249968584056, 58.369374004167106, 63.42999937752798, 68.92938102687145, 74.90555912619014, 81.39987193298361, 88.45724173213503, 96.12648557112499, 104.46065293599194], "Price Target Local": [41.8549039541893, 45.48372459110466, 49.42716401747695, 53.71249968584056, 58.369374004167106, 63.42999937752798, 68.92938102687145, 74.90555912619014, 81.39987193298361, 88.45724173213503, 96.12648557112499, 104.46065293599194], "Equity Invested": 53466000000.0, "PV of Equity Excess Return": 48327272116.62836, "Terminal  Value of Excess Equity Return": 44405907395.354866, "Value of Equity": 146199179511.98322, "Number of shares": 3493000000, "Estimated Value/Share": 41.8549039541893, "Estimated Value/Share (Local Currency)": 41.8549039541893, "Current price": 212.08, "Valuation": 80.26456810911482}, "2023Q1": {"Date": ["2022", "2023", "2024", "2025", "2026", "2027", "2028", "2029", "2030", "2031", "2032", "Terminal"], "revenueGrowth": [0.0, 34.335722917382306, 25.301658773294616, 16.267594629206926, 7.2335304851192355, 7.2335304851192355, 6.516357721495388, 5.799184957871541, 5.082012194247693, 4.364839430623846, 3.647666666999999, 3.647666667], "revenue": [86035000000.0, 115575739211.96988, 144818318372.09537, 168376775353.70215, 180556360728.77292, 193616960124.91055, 206233733856.13483, 218193609527.97665, 229282235371.2576, 239290036788.15802, 248018539697.5317, 257065429298.05875], "netMargin": [13.68977741616784, 12.46719586193019, 11.24461430769254, 10.02203275345489, 8.799451199217241, 7.576869644979592, 7.576869644979592, 7.576869644979592, 7.576869644979592, 7.576869644979592, 7.576869644979592, 7.576869644979592], "netIncome": [11778000000.0, 14409053776.429937, 16284261347.828371, 16874775575.159191, 15887968849.411016, 14670104679.236588, 15626061178.253479, 16532245367.610561, 17372416093.175476, 18130694160.862442, 18792041448.26394, 19477512480.22109], "netGrowth": [0.0, 22.338714352436213, 13.014092392838894, 3.626288074832265, -5.847821331626009, -7.665323250048897, 6.516357721495401, 5.799184957871555, 5.082012194247673, 4.364839430623847, 3.647666667000012, 3.6476666670000095], "bvEquity": [0.0, 48054000000.0, 62463053776.42994, 78747315124.25832, 95622090699.41751, 111510059548.82852, 126180164228.06511, 139730786778.64966, 151871437841.51108, 162321690440.42902, 170819978180.0819, 177132314004.0134], "costOfEquity": [0.0, 9.418002780050886, 9.418002780050886, 9.418002780050886, 9.418002780050886, 9.418002780050886, 9.418002780050886, 9.418002780050886, 9.418002780050886, 9.418002780050886, 9.418002780050886, 9.418002780050886], "returnOnEquity": [0.24509926332875515, 0.29985128764369123, 0.26070229300849745, 0.2142901703827217, 0.1661537489214069, 0.13155857631672035, 0.12383928388308371, 0.11831498089107323, 0.1143889617434508, 0.11169606545907854, 0.11001079410309364, 0.10996024406805736], "dividendpayout": [0.0, 0.0, 0.0, 0.0, 0.0, 0.0, 13.2819051710695, 26.563810342139, 39.8457155132085, 53.127620684278, 66.4095258553475, 66.4095258553475], "dividendPaid": [0.0, 0.0, 0.0, 0.0, 0.0, 0.0, 2075438627.6689324, 4391594304.74913, 6922163494.257551, 9632406421.209538, 12479705624.332458, 12934923686.530958], "retainedEarning": [0.0, 14409053776.429937, 16284261347.828371, 16874775575.159191, 15887968849.411016, 14670104679.236588, 13550622550.584547, 12140651062.861431, 10450252598.917925, 8498287739.6529045, 6312335823.93148, 6542588793.69013], "equityCost": [0.0, 4525727055.9256525, 5882772141.168851, 7416424327.618079, 9005691160.41392, 10502020508.345068, 11883651374.871944, 13159849383.4002, 14303256238.016766, 15287461318.305197, 16087830293.88243, 16682326257.266445], "excessEquity": [0.0, 9883326720.504284, 10401489206.65952, 9458351247.541111, 6882277688.997097, 4168084170.8915195, 3742409803.3815346, 3372395984.2103615, 3069159855.1587105, 2843232842.5572453, 2704211154.38151, 2795186222.9546432], "cumulatedDiscount": [0.0, 1.094180027800509, 1.1972299332375225, 1.3099850816334337, 1.4333595130399226, 1.5683533518261465, 1.7160609141021543, 1.877679578699662, 2.054519493622044, 2.2480141966480556, 2.4597322361843084, 2.6913898865699544], "presentValue": [0.0, 9032633085.408695, 8687962869.86581, 7220197680.226554, 4801501386.348568, 2657618046.3658395, 2180814079.865906, 1796044448.93938, 1493857743.7140262, 1264775305.5993605, 1099392492.6464567, 1038566072.0888612], "Price Target USD": [31.136749445260495, 34.06920937363261, 37.27784845958269, 40.78867726384935, 44.63015602250467, 48.833425357445215, 53.432558715203484, 58.46483858045367, 63.97105870331307, 69.99585479041909, 76.58806634050114, 83.80113255763676], "Price Target Local": [31.136749445260495, 34.06920937363261, 37.27784845958269, 40.78867726384935, 44.63015602250467, 48.833425357445215, 53.432558715203484, 58.46483858045367, 63.97105870331307, 69.99585479041909, 76.58806634050114, 83.80113255763676], "Equity Invested": 48054000000.0, "PV of Equity Excess Return": 40234797138.98059, "Terminal  Value of Excess Equity Return": 19693449937.182793, "Value of Equity": 107982247076.16339, "Number of shares": 3468000000, "Estimated Value/Share": 31.136749445260495, "Estimated Value/Share (Local Currency)": 31.136749445260495, "Current price": 162.55, "Valuation": 80.84481732066409}, "2023Q2": {"Date": ["2022", "2023", "2024", "2025", "2026", "2027", "2028", "2029", "2030", "2031", "2032", "Terminal"], "revenueGrowth": [0.0, 34.335722917382306, 25.301658773294616, 16.267594629206926, 7.2335304851192355, 7.2335304851192355, 6.493557721495389, 5.753584957871542, 5.013612194247695, 4.273639430623849, 3.5336666670000016, 3.533666667], "revenue": [94028000000.0, 126313193544.75624, 158272526761.10168, 184019659824.00076, 197330778015.98257, 211604760000.29163, 225345437232.34232, 238310878412.19223, 250258861672.4847, 260954023063.55038, 270175268392.74258, 279722361794.4147], "netMargin": [12.99825583868635, 11.913978599944997, 10.829701361203645, 9.745424122462293, 8.66114688372094, 7.576869644979592, 7.576869644979592, 7.576869644979592, 7.576869644979592, 7.576869644979592, 7.576869644979592, 7.576869644979592], "netIncome": [12222000000.0, 15048926847.829363, 17140441985.058432, 17933496318.561222, 17091108530.753563, 16033016827.794014, 17074130030.003885, 18056504607.09762, 18961787723.93396, 19772146160.855194, 20470827899.091854, 21194198721.020996], "netGrowth": [0.0, 23.129822024458868, 13.898101561512648, 4.6268021221045945, -4.697286980987557, -6.1908898481080366, 6.493557721495377, 5.753584957871551, 5.013612194247688, 4.273639430623849, 3.533666666999999, 3.5336666669999843], "bvEquity": [0.0, 51130000000.0, 66178926847.82936, 83319368832.88779, 101252865151.449, 118343973682.20258, 134376990509.99658, 149147501997.26993, 162331688218.98392, 173618579641.7742, 182720200874.99094, 189381546636.33234], "costOfEquity": [0.0, 8.828127791573964, 8.828127791573964, 8.828127791573964, 8.828127791573964, 8.828127791573964, 8.828127791573964, 8.828127791573964, 8.828127791573964, 8.828127791573964, 8.828127791573964, 8.828127791573964], "returnOnEquity": [0.23903774691961666, 0.2943267523534004, 0.25900151001950905, 0.2152380241205394, 0.16879629534620608, 0.13547810107212224, 0.1270614110734509, 0.12106474708123595, 0.1168089110140633, 0.11388266279824949, 0.11203374230688969, 0.11191269211524618], "dividendpayout": [0.0, 0.0, 0.0, 0.0, 0.0, 0.0, 13.49186481936382, 26.98372963872764, 40.475594458091464, 53.96745927745528, 67.4593240968191, 67.4593240968191], "dividendPaid": [0.0, 0.0, 0.0, 0.0, 0.0, 0.0, 2303618542.730528, 4872318385.383622, 7674896301.143682, 10670524927.638466, 13809482137.750439, 14297463204.937443], "retainedEarning": [0.0, 15048926847.829363, 17140441985.058432, 17933496318.561222, 17091108530.753563, 16033016827.794014, 14770511487.273357, 13184186221.713997, 11286891422.79028, 9101621233.216728, 6661345761.341415, 6896735516.083553], "equityCost": [0.0, 4513821739.831768, 5842360233.218627, 7355540355.700182, 8938732328.19998, 10447557230.291504, 11862972444.693716, 13166932074.25932, 14330848882.191319, 15327270080.691444, 16130772834.264849, 16718844950.714663], "excessEquity": [0.0, 10535105107.997595, 11298081751.839806, 10577955962.86104, 8152376202.553583, 5585459597.50251, 5211157585.310169, 4889572532.838299, 4630938841.742641, 4444876080.16375, 4340055064.827005, 4475353770.306334], "cumulatedDiscount": [0.0, 1.0882812779157396, 1.1843561398619151, 1.2889126133962774, 1.4026994660286163, 1.526531567421348, 1.6612957249720215, 1.8079570345685065, 1.9675657919969654, 2.1412650144977516, 2.3302986263338776, 2.536020366991925], "presentValue": [0.0, 9680498343.38258, 9539429375.658115, 8206883735.110782, 5811919374.030237, 3658921778.432395, 3136803103.1308002, 2704473856.0423045, 2353638623.2058377, 2075817822.6744745, 1862445875.2975192, 1764715232.005305], "Price Target USD": [39.22792215736042, 42.691013255391354, 46.45983046109508, 50.56136366594916, 55.0249854635416, 59.88266149755805, 65.16917937955813, 70.92239781590558, 77.18351772794219, 83.99737730699707, 91.4127731172293, 99.48280954583987], "Price Target Local": [39.22792215736042, 42.691013255391354, 46.45983046109508, 50.56136366594916, 55.0249854635416, 59.88266149755805, 65.16917937955813, 70.92239781590558, 77.18351772794219, 83.99737730699707, 91.4127731172293, 99.48280954583987], "Equity Invested": 51130000000.0, "PV of Equity Excess Return": 49030831886.96505, "Terminal  Value of Excess Equity Return": 36273881376.33447, "Value of Equity": 136434713263.29953, "Number of shares": 3478000000, "Estimated Value/Share": 39.22792215736042, "Estimated Value/Share (Local Currency)": 39.22792215736042, "Current price": 269.06, "Valuation": 85.42038126909968}, "2012Q3": {"Date": ["2011", "2012", "2013", "2014", "2015", "2016", "2017", "2018", "2019", "2020", "2021", "Terminal"], "revenueGrowth": [0.0, 7.2335304851192355, 7.2335304851192355, 7.2335304851192355, 7.2335304851192355, 7.2335304851192355, 6.113124388095388, 4.99271829107154, 3.872312194047693, 2.751906097023846, 1.6314999999999986, 1.6315], "revenue": [146299000.0, 156881582.7644246, 168229659.8792268, 180398603.61160308, 193447791.5985778, 207440896.57665086, 220122016.61616185, 231112088.80243248, 240061470.3990474, 246667736.6395639, 250692120.7628384, 254782162.71308413], "netMargin": [-265.05239270261586, -211.05782117751164, -157.06324965240742, -103.06867812730322, -49.07410660219901, 4.920464922905183, 4.920464922905183, 4.920464922905183, 4.920464922905183, 4.920464922905183, 4.920464922905183, 4.920464922905183], "netIncome": [-387769000.0, -331110850.4113892, -264226970.68550587, -185934456.1025928, -94932775.46868585, 10207056.551814126, 10831026.615189765, 11371789.262117168, 11812140.444395538, 12137199.457473878, 12335217.866622565, 12536466.946116515], "netGrowth": [0.0, 14.611314877829539, 20.199845351725358, 29.63078083202193, 48.94288156235823, 110.75187837016414, 6.1131243880954, 4.992718291071514, 3.8723121940477037, 2.751906097023837, 1.6315000000000097, 1.6315000000000166], "bvEquity": [0.0, -27875000.0, -358985850.4113892, -623212821.096895, -809147277.1994878, -904080052.6681737, -893872996.1163596, -884882722.268415, -877376245.7409954, -871586589.863192, -867700347.321148, -865847093.551407], "costOfEquity": [0.0, 8.733352785139429, 8.733352785139429, 8.733352785139429, 8.733352785139429, 8.733352785139429, 8.733352785139429, 8.733352785139429, 8.733352785139429, 8.733352785139429, 8.733352785139429, 8.733352785139429], "returnOnEquity": [13.910995515695067, 11.878416158256114, 0.736037284986882, 0.2983482524883492, 0.11732447002386816, -0.011289991988751955, -0.012116963665137771, -0.012851182395069658, -0.013463027408976062, -0.013925408672681605, -0.01421598816308544, -0.014478846252975498], "dividendpayout": [-0.0, 0.0, 0.0, 0.0, 0.0, 0.0, 16.995182752700742, 33.990365505401485, 50.98554825810223, 67.98073101080297, 84.97591376350371, 84.97591376350371], "dividendPaid": [0.0, -0.0, -0.0, -0.0, -0.0, 0.0, 1840752.767245158, 3865312.734697624, 6022484.566592098, 8250956.915429955, 10481964.096881492, 10652977.341122117], "retainedEarning": [0.0, -331110850.4113892, -264226970.68550587, -185934456.1025928, -94932775.46868585, 10207056.551814126, 8990273.847944606, 7506476.527419544, 5789655.87780344, 3886242.5420439225, 1853253.7697410733, 1883489.6049943976], "equityCost": [0.0, -2434422.088857616, -31351500.76515952, -54427374.26861169, -70665686.26918133, -78956500.45958596, -78065082.20193736, -77279929.87044622, -76624362.79357299, -76118731.72071885, -75779332.44943598, -75617481.25972061], "excessEquity": [0.0, -328676428.3225316, -232875469.92034635, -131507081.8339811, -24267089.199504524, 89163557.01140009, 88896108.81712712, 88651719.13256338, 88436503.23796853, 88255931.17819272, 88114550.31605855, 88153948.20583713], "cumulatedDiscount": [0.0, 1.0873335278513943, 1.1822942007897588, 1.2855481243029732, 1.3978195772210944, 1.519896092199557, 1.6526339798988923, 1.7969643356105527, 1.953899570462559, 2.124540513018378, 2.310084131083484, 2.5118319278845274], "presentValue": [0.0, -302277470.4390903, -196969138.27775544, -102296506.32899061, -17360673.433797657, 58664245.18689612, 53790560.945966855, 49334156.15198745, 45261539.8328955, 41541185.32331761, 38143437.77805649, 35095480.40504472], "Price Target USD": [0.11197062576379854, 0.12174941552747928, 0.13238222149933937, 0.14394362792768137, 0.15651473276633426, 0.17018371653953646, 0.18504646088779586, 0.2012072211335421, 0.21877935758430997, 0.23788613070320944, 0.2586615657244386, 0.28125139277871913], "Price Target Local": [0.11197062576379854, 0.12174941552747928, 0.13238222149933937, 0.14394362792768137, 0.15651473276633426, 0.17018371653953646, 0.18504646088779586, 0.2012072211335421, 0.21877935758430997, 0.23788613070320944, 0.2586615657244386, 0.28125139277871913], "Equity Invested": -27875000.0, "PV of Equity Excess Return": -332168663.2605141, "Terminal  Value of Excess Equity Return": 537331505.9459875, "Value of Equity": 177287842.68547338, "Number of shares": 1583342430, "Estimated Value/Share": 0.11197062576379854, "Estimated Value/Share (Local Currency)": 0.11197062576379854, "Current price": 2.1, "Valuation": 94.66806543981912}, "2012Q1": {"Date": ["2011", "2012", "2013", "2014", "2015", "2016", "2017", "2018", "2019", "2020", "2021", "Terminal"], "revenueGrowth": [0.0, 7.2335304851192355, 7.2335304851192355, 7.2335304851192355, 7.2335304851192355, 7.2335304851192355, 6.190124388095389, 5.146718291071542, 4.103312194047695, 3.0599060970238483, 2.0165000000000015, 2.0165], "revenue": [185379000.0, 198788446.4780092, 213167869.3548909, 228587432.16915607, 245122373.76026323, 262853375.39205977, 279124326.2871356, 293490069.0429858, 305532882.83434564, 314881902.14460653, 321231495.70135254, 327709128.8121703], "netMargin": [-159.31847728167702, -126.47068884076057, -93.62290039984413, -60.77511195892769, -27.92732351801125, 4.920464922905183, 4.920464922905183, 4.920464922905183, 4.920464922905183, 4.920464922905183, 4.920464922905183, 4.920464922905183], "netIncome": [-295343000.0, -251409117.5965849, -199573942.01059937, -138924267.82484248, -68456118.33505742, 12933608.134838587, 13734214.56625392, 14441075.899470322, 15033638.32780497, 15493653.54360199, 15806083.067308724, 16124812.732361006], "netGrowth": [0.0, 14.87554551941814, 20.6178582867313, 30.38957570048688, 50.724146755001954, 118.89328295176662, 6.190124388095389, 5.146718291071544, 4.10331219404769, 3.05990609702386, 2.0165, 2.016500000000008], "bvEquity": [0.0, 153874000.0, -97535117.59658489, -297109059.6071843, -436033327.43202674, -504489445.7670842, -491555837.6322456, -480058392.1521331, -470321094.83231664, -462632640.4540523, -457232239.8185174, -454297135.9424064], "costOfEquity": [0.0, 9.378306903596103, 9.378306903596103, 9.378306903596103, 9.378306903596103, 9.378306903596103, 9.378306903596103, 9.378306903596103, 9.378306903596103, 9.378306903596103, 9.378306903596103, 9.378306903596103], "returnOnEquity": [-1.9193820918413766, -1.6338635350779527, 2.04617523337653, 0.46758677775937874, 0.15699744498481955, -0.02563702421003641, -0.02794029388890929, -0.030081915316030692, -0.03196462691762721, -0.033490186789232365, -0.034569047610427485, -0.03549397840448906], "dividendpayout": [-0.0, 0.0, 0.0, 0.0, 0.0, 0.0, 16.286108501882367, 32.572217003764734, 48.8583255056471, 65.14443400752947, 81.43054250941184, 81.43054250941184], "dividendPaid": [0.0, -0.0, -0.0, -0.0, -0.0, 0.0, 2236769.086141446, 4703778.579653843, 7345183.949540675, 10093252.90806705, 12870979.191197777, 13130522.486588283], "retainedEarning": [0.0, -251409117.5965849, -199573942.01059937, -138924267.82484248, -68456118.33505742, 12933608.134838587, 11497445.480112473, 9737297.319816478, 7688454.378264295, 5400400.63553494, 2935103.8761109468, 2994290.245772723], "equityCost": [0.0, 14430775.964839468, -9147142.666991098, -27863799.448350027, -40892543.64853757, -47312568.52028818, -46099615.05569454, -45021349.33249596, -44108155.70572793, -43387108.85799133, -42880642.71236711, -42605379.66292608], "excessEquity": [0.0, -265839893.56142434, -190426799.3436083, -111060468.37649246, -27563574.686519854, 60246176.655126765, 59833829.621948466, 59462425.23196628, 59141794.033532895, 58880762.40159332, 58686725.779675834, 58730192.39528708], "cumulatedDiscount": [0.0, 1.0937830690359611, 1.1963614021097262, 1.308559846075742, 1.4312806044579498, 1.565510492195662, 1.7123288707617692, 1.8729163274606895, 2.048564168697514, 2.240684803555069, 2.450823101174703, 2.6806688132670984], "presentValue": [0.0, -243046268.57657468, -159171634.09635225, -84872288.19495969, -19257981.000139832, 38483406.5025206, 34942954.38430002, 31748575.395562798, 28869876.246608134, 26278021.03543218, 23945720.828054346, 21908783.399359554], "Price Target USD": [0.10008168753628705, 0.10946765534773814, 0.11973386802641986, 0.13096287763748424, 0.14324497823210855, 0.15667893191470514, 0.17137276300294257, 0.18744462666653094, 0.20502375902961817, 0.2242515163767051, 0.2452825118184806, 0.2682858585576671], "Price Target Local": [0.10008168753628705, 0.10946765534773814, 0.11973386802641986, 0.13096287763748424, 0.14324497823210855, 0.15667893191470514, 0.17137276300294257, 0.18744462666653094, 0.20502375902961817, 0.2242515163767051, 0.2452825118184806, 0.2682858585576671], "Equity Invested": 153874000.0, "PV of Equity Excess Return": -322079617.4755484, "Terminal  Value of Excess Equity Return": 325510525.5978653, "Value of Equity": 157304908.1223169, "Number of shares": 1571765145, "Estimated Value/Share": 0.10008168753628705, "Estimated Value/Share (Local Currency)": 0.10008168753628705, "Current price": 2.2, "Valuation": 95.45083238471423}, "2012Q2": {"Date": ["2011", "2012", "2013", "2014", "2015", "2016", "2017", "2018", "2019", "2020", "2021", "Terminal"], "revenueGrowth": [0.0, 7.2335304851192355, 7.2335304851192355, 7.2335304851192355, 7.2335304851192355, 7.2335304851192355, 6.147191054695389, 5.0608516242715424, 3.9745121938476955, 2.8881727634238485, 1.8018333330000016, 1.801833333], "revenue": [153861000.0, 164990582.3397093, 176925226.41082793, 189723166.5991214, 203446849.6924024, 218163239.58591703, 231574150.7343762, 243293774.9032099, 252963515.65361035, 260269539.01411736, 264959162.32371914, 269733284.82930547], "netMargin": [-222.3064974229987, -176.86110495381791, -131.41571248463714, -85.97032001545637, -40.52492754627559, 4.920464922905183, 4.920464922905183, 4.920464922905183, 4.920464922905183, 4.920464922905183, 4.920464922905183, 4.920464922905183], "netIncome": [-342043000.0, -291804166.99574864, -232507546.85284695, -163105613.4687221, -82446688.43302627, 10734645.678498643, 11394524.857400557, 11971184.853724338, 12446981.05548366, 12806471.372196667, 13037222.642162008, 13272131.665425904], "netGrowth": [0.0, 14.687870532141092, 20.320689986502348, 29.84932503203822, 49.451961413433125, 113.02010533415019, 6.147191054695397, 5.060851624271545, 3.97451219384769, 2.888172763423863, 1.8018333329999945, 1.801833332999981], "bvEquity": [0.0, 62215000.0, -229589166.99574864, -462096713.8485956, -625202327.3173177, -707649015.750344, -696914370.0718454, -687420619.587232, -679443374.2205199, -673225411.8134439, -668964171.7325, -666800951.7366385], "costOfEquity": [0.0, 9.052222141196193, 9.052222141196193, 9.052222141196193, 9.052222141196193, 9.052222141196193, 9.052222141196193, 9.052222141196193, 9.052222141196193, 9.052222141196193, 9.052222141196193, 9.052222141196193], "returnOnEquity": [-5.49775777545608, -4.690254231226371, 1.0127113134094534, 0.3529685638971306, 0.13187201139636984, -0.01516944903416044, -0.016349963993748454, -0.01741464325133649, -0.018319379550596475, -0.019022560865164493, -0.019488670982779073, -0.019904188245172], "dividendpayout": [-0.0, 0.0, 0.0, 0.0, 0.0, 0.0, 16.68147111507386, 33.36294223014772, 50.044413345221585, 66.72588446029545, 83.40735557536931, 83.40735557536931], "dividendPaid": [0.0, -0.0, -0.0, -0.0, -0.0, 0.0, 1900774.372787185, 3993939.487012245, 6229018.648407667, 8545231.29125276, 10874002.646300625, 11069934.05061297], "retainedEarning": [0.0, -291804166.99574864, -232507546.85284695, -163105613.4687221, -82446688.43302627, 10734645.678498643, 9493750.484613372, 7977245.366712093, 6217962.407075993, 4261240.080943907, 2163219.995861383, 2202197.614812935], "equityCost": [0.0, 5631840.005145211, -20782921.40857706, -41830021.044742584, -56594703.50069212, -64057960.88570958, -63086236.91282156, -62226841.52942346, -61504723.558080405, -60941859.788335815, -60556122.87023908, -60360303.39081093], "excessEquity": [0.0, -297436007.00089383, -211724625.4442699, -121275592.42397952, -25851984.932334147, 74792606.56420822, 74480761.77022211, 74198026.3831478, 73951704.61356406, 73748331.16053247, 73593345.51240109, 73632435.05623683], "cumulatedDiscount": [0.0, 1.0905222214119619, 1.18923871539328, 1.2968912456997876, 1.414288722190259, 1.542313279040806, 1.6819269031727468, 1.8341786627004857, 2.0002125897145553, 2.18127627663169, 2.3787302507056034, 2.5940581971393075], "presentValue": [0.0, -272746397.2405682, -178033747.72764003, -93512538.40759839, -18279142.389184926, 48493783.708276935, 44282995.669861384, 40452998.33218268, 36971922.3815692, 33809715.876254834, 30938079.46091032, 28385035.90144496], "Price Target USD": [0.10232155204704962, 0.11158392623666823, 0.12168475111347993, 0.13269992509623382, 0.14471221709714585, 0.15781188845422958, 0.17209737116232318, 0.18767600749909558, 0.20466485660364173, 0.223191574068364, 0.24339537115346474, 0.2654280608316653], "Price Target Local": [0.10232155204704962, 0.11158392623666823, 0.12168475111347993, 0.13269992509623382, 0.14471221709714585, 0.15781188845422958, 0.17209737116232318, 0.18767600749909558, 0.20466485660364173, 0.223191574068364, 0.24339537115346474, 0.2654280608316653], "Equity Invested": 62215000.0, "PV of Equity Excess Return": -327622330.33593625, "Terminal  Value of Excess Equity Return": 426935895.7840931, "Value of Equity": 161528565.44815683, "Number of shares": 1578636780, "Estimated Value/Share": 0.10232155204704962, "Estimated Value/Share (Local Currency)": 0.10232155204704962, "Current price": 1.74, "Valuation": 94.11945103177877}, "2012Q4": {"Date": ["2011", "2012", "2014", "2015", "2016", "2017", "2018", "2019", "2020", "2021", "2022", "Terminal"], "revenueGrowth": [0.0, 35.229483692484536, 25.897499290029437, 16.565514887574338, 7.233530485119237, 7.2335304851192355, 6.127124388095389, 5.020718291071542, 3.9143121940476955, 2.8079060970238485, 1.7015000000000016, 1.7015], "revenue": [413256000.0, 558843955.1282139, 703570564.4399154, 820120651.0368004, 879444328.3443056, 943059201.934743, 1000841612.2906644, 1051091050.1835971, 1092234035.3314776, 1122902941.4033196, 1142009134.951297, 1161440420.3824933], "netMargin": [-95.87567996592911, -75.71645098816225, -55.55722201039539, -35.397993032628534, -15.238764054861676, 4.920464922905183, 4.920464922905183, 4.920464922905183, 4.920464922905183, 4.920464922905183, 4.920464922905183, 4.920464922905183], "netIncome": [-396212000.0, -423136809.38496155, -390884260.48567575, -290306250.91315436, -134016446.19025174, 46402897.2334286, 49246060.466600835, 51718566.43207961, 53742992.584517166, 55252045.350020885, 56192158.901651494, 57148268.48536309], "netGrowth": [0.0, -6.795556264061045, 7.6222508143797665, 25.730892681008104, 53.83618307607748, 134.62477819144254, 6.127124388095376, 5.020718291071538, 3.9143121940477, 2.8079060970238245, 1.7015000000000062, 1.7014999999999896], "bvEquity": [0.0, 124700000.0, -298436809.38496155, -689321069.8706373, -979627320.7837917, -1113643766.9740434, -1067240869.7406148, -1026300777.9516708, -992028187.4522045, -965478493.7115587, -947502263.2149916, -938697682.8673217], "costOfEquity": [0.0, 7.86752966105603, 7.86752966105603, 7.86752966105603, 7.86752966105603, 7.86752966105603, 7.86752966105603, 7.86752966105603, 7.86752966105603, 7.86752966105603, 7.86752966105603, 7.86752966105603], "returnOnEquity": [-3.1773215717722536, -3.3932382468721856, 1.309772280742567, 0.4211480884628047, 0.13680350001164351, -0.04166763071777705, -0.04614334201666184, -0.050393186425622176, -0.05417486444870447, -0.05722762931530166, -0.05930556694501667, -0.06088037664139051], "dividendpayout": [-0.0, 0.0, 0.0, 0.0, 0.0, 0.0, 16.866260161642906, 33.73252032328581, 50.59878048492872, 67.46504064657162, 84.33130080821454, 84.33130080821452], "dividendPaid": [0.0, -0.0, -0.0, -0.0, -0.0, 0.0, 8305968.677656874, 17445975.93261333, 27193298.84387136, 37275814.85345378, 47387578.553981625, 48193878.20307761], "retainedEarning": [0.0, -423136809.38496155, -390884260.48567575, -290306250.91315436, -134016446.19025174, 46402897.2334286, 40940091.78894396, 34272590.499466285, 26549693.740645807, 17976230.496567108, 8804580.34766987, 8954390.282285482], "equityCost": [0.0, 9810809.48733687, -23479604.497871097, -54232539.63198115, -77072470.0304733, -87616253.68518457, -83965491.98175521, -80744518.11699648, -78048111.8938387, -75959306.86387385, -74545021.59761664, -73852318.62723221], "excessEquity": [0.0, -432947618.8722984, -367404655.98780465, -236073711.28117323, -56943976.15977843, 134019150.91861317, 133211552.44835605, 132463084.5490761, 131791104.47835587, 131211352.21389474, 130737180.49926814, 131000587.11259529], "cumulatedDiscount": [0.0, 1.0786752966105604, 1.1635403955178805, 1.2550822812536184, 1.3538262520019055, 1.4603389339373187, 1.5752315327167867, 1.6991633407835876, 1.832845520609527, 1.9770451855848186, 2.1325898019731846, 2.300371937192081], "presentValue": [0.0, -401369735.85352045, -315764418.1526473, -188094210.87944517, -42061509.79534875, 91772634.28653173, 84566331.79416321, 77957828.63817513, 71905189.49710923, 66367401.802747294, 61304419.808395974, 56947567.91047427], "Price Target USD": [0.36773263187965777, 0.39666410576617184, 0.4278717719420881, 0.46153471051091793, 0.49784609075643355, 0.5370142796131039, 0.5792640373457713, 0.6248378072997806, 0.673997107122583, 0.7270240294401118, 0.7842228605993173, 0.8459218267657508], "Price Target Local": [0.36773263187965777, 0.39666410576617184, 0.4278717719420881, 0.46153471051091793, 0.49784609075643355, 0.5370142796131039, 0.5792640373457713, 0.6248378072997806, 0.673997107122583, 0.7270240294401118, 0.7842228605993173, 0.8459218267657508], "Equity Invested": 124700000.0, "PV of Equity Excess Return": -493416068.8538393, "Terminal  Value of Excess Equity Return": 996231579.8617219, "Value of Equity": 627515511.0078826, "Number of shares": 1706445000, "Estimated Value/Share": 0.36773263187965777, "Estimated Value/Share (Local Currency)": 0.36773263187965777, "Current price": 2.55, "Valuation": 85.57911247530754}, "2022Q3": {"Date": ["2021", "2022", "2023", "2024", "2025", "2026", "2027", "2028", "2029", "2030", "2031", "Terminal"], "revenueGrowth": [0.0, 36.25959124778137, 26.584237660227327, 16.90888407267328, 7.2335304851192355, 7.2335304851192355, 6.405591054695388, 5.577651624271541, 4.749712193847693, 3.921772763423846, 3.093833332999999, 3.093833333], "revenue": [74863000000.0, 102008017795.82657, 129126071679.15608, 150959849446.9816, 161879576177.0191, 173589184668.9656, 184708597954.03952, 195011000067.99222, 204273461317.56598, 212284602286.42142, 218852334072.7852, 225623260534.37753], "netMargin": [14.947303741501141, 13.473216922196832, 11.999130102892522, 10.525043283588213, 9.050956464283903, 7.576869644979592, 7.576869644979592, 7.576869644979592, 7.576869644979592, 7.576869644979592, 7.576869644979592, 7.576869644979592], "netIncome": [11190000000.0, 13743761515.664862, 15494005337.536192, 15888589495.134415, 14651649964.349297, 13152626240.150423, 13995129690.047016, 14775729268.522833, 15477533883.319786, 16084527591.605516, 16582156067.69019, 17095180339.44247], "netGrowth": [0.0, 22.82181872801485, 12.734823868097811, 2.546689180765238, -7.78508080383037, -10.231091568842618, 6.405591054695383, 5.577651624271546, 4.749712193847704, 3.9217727634238324, 3.093833332999996, 3.0938333330000005], "bvEquity": [0.0, 39851000000.0, 53594761515.66486, 69088766853.20105, 84977356348.33546, 99629006312.68475, 112781632552.83517, 124775188810.30945, 135324489627.54103, 144161266052.65112, 151044203143.60223, 155768518742.88013], "costOfEquity": [0.0, 9.695606188978768, 9.695606188978768, 9.695606188978768, 9.695606188978768, 9.695606188978768, 9.695606188978768, 9.695606188978768, 9.695606188978768, 9.695606188978768, 9.695606188978768, 9.695606188978768], "returnOnEquity": [0.2807959649695114, 0.3448787110904334, 0.2890955179081737, 0.2299735574799633, 0.1724182840460451, 0.13201603355222696, 0.12409050457299128, 0.11841880913508984, 0.1143734879467805, 0.11157315714563068, 0.10978346551919664, 0.10974733840578334], "dividendpayout": [0.0, 0.0, 0.0, 0.0, 0.0, 0.0, 14.30192843440536, 28.60385686881072, 42.90578530321608, 57.20771373762144, 71.5096421720268, 71.5096421720268], "dividendPaid": [0.0, 0.0, 0.0, 0.0, 0.0, 0.0, 2001573432.5727408, 4226428451.291244, 6640757458.209709, 9201590500.654419, 11857840468.412285, 12224702289.397987], "retainedEarning": [0.0, 13743761515.664862, 15494005337.536192, 15888589495.134415, 14651649964.349297, 13152626240.150423, 11993556257.474276, 10549300817.231588, 8836776425.110077, 6882937090.9510975, 4724315599.2779045, 4870478050.044483], "equityCost": [0.0, 3863796022.369929, 5196337014.481214, 6698574754.908072, 8239069821.339756, 9659636102.070711, 10934862945.82398, 12097710928.602306, 13120529591.5318, 13977308633.51099, 14644651108.084763, 15102702143.715239], "excessEquity": [0.0, 9879965493.294933, 10297668323.054977, 9190014740.226341, 6412580143.009541, 3492990138.079712, 3060266744.223036, 2678018339.9205265, 2357004291.7879868, 2107218958.0945263, 1937504959.6054268, 1992478195.727232], "cumulatedDiscount": [0.0, 1.0969560618897878, 1.203312601716752, 1.319981052801563, 1.4479612174503385, 1.588349834863466, 1.7423499797551223, 1.9112813722259303, 2.096591687240266, 2.299868960625948, 2.5228551979107996, 2.767461302618412], "presentValue": [0.0, 9006710329.194191, 8557766542.429137, 6962232314.411794, 4428696062.938216, 2199131489.43033, 1756401859.4319034, 1401163836.3856566, 1124207591.8418338, 916234356.9004954, 767981040.3743715, 719966054.7528033], "Price Target USD": [25.6443313717446, 28.130704751345693, 30.858147102220514, 33.85003152246758, 37.131997273731216, 40.73216949949453, 44.68140024639285, 49.01353285400449, 53.7656919788345, 58.97860173788164, 64.69693469815283, 70.9696947028265], "Price Target Local": [25.6443313717446, 28.130704751345693, 30.858147102220514, 33.85003152246758, 37.131997273731216, 40.73216949949453, 44.68140024639285, 49.01353285400449, 53.7656919788345, 58.97860173788164, 64.69693469815283, 70.9696947028265], "Equity Invested": 39851000000.0, "PV of Equity Excess Return": 37120525423.33794, "Terminal  Value of Excess Equity Return": 11963015773.872337, "Value of Equity": 88934541197.21027, "Number of shares": 3468000000, "Estimated Value/Share": 25.6443313717446, "Estimated Value/Share (Local Currency)": 25.6443313717446, "Current price": 211.25, "Valuation": 87.86067154000256}, "2022Q1": {"Date": ["2021", "2022", "2023", "2024", "2025", "2026", "2027", "2028", "2029", "2030", "2031", "Terminal"], "revenueGrowth": [0.0, 36.25959124778137, 26.584237660227327, 16.90888407267328, 7.2335304851192355, 7.2335304851192355, 6.166824388095389, 5.100118291071542, 4.0334121940476955, 2.9667060970238484, 1.9000000000000012, 1.9], "revenue": [62190000000.0, 84739839796.99524, 107267280201.52435, 125404980258.70972, 134476187735.58124, 144203563770.66068, 153096344309.77246, 160904438968.877, 167394378231.01172, 172360477456.0663, 175635326527.73157, 178972397731.75845], "netMargin": [13.505386718121883, 12.319683303493425, 11.133979888864967, 9.94827647423651, 8.762573059608052, 7.576869644979592, 7.576869644979592, 7.576869644979592, 7.576869644979592, 7.576869644979592, 7.576869644979592, 7.576869644979592], "netIncome": [8399000000.0, 10439679894.8775, 11943117404.970154, 12475634148.598158, 11783574198.105988, 10926116050.317976, 11599910439.580591, 12191519593.657557, 12683253831.587852, 13059528696.310581, 13307659741.540482, 13560505276.62975], "netGrowth": [0.0, 24.296700736724617, 14.40118399444751, 4.45877508837346, -5.547292764832597, -7.276723796807199, 6.166824388095404, 5.100118291071527, 4.0334121940476795, 2.9667060970238563, 1.8999999999999948, 1.8999999999999893], "bvEquity": [0.0, 34085000000.0, 44524679894.8775, 56467797299.84766, 68943431448.44582, 80727005646.5518, 91653121696.86978, 101338968901.22415, 109507123046.10439, 115911910335.59312, 120351798776.16615, 122680191741.96092], "costOfEquity": [0.0, 6.923357904552576, 6.923357904552576, 6.923357904552576, 6.923357904552576, 6.923357904552576, 6.923357904552576, 6.923357904552576, 6.923357904552576, 6.923357904552576, 6.923357904552576, 6.923357904552576], "returnOnEquity": [0.2464133783189086, 0.3062836994243069, 0.2682358959832565, 0.22093360720893243, 0.17091656087523655, 0.135346479939513, 0.1265631789165427, 0.12030435799618922, 0.11582126786627372, 0.11266770307296355, 0.1105730024549983, 0.11053540986593993], "dividendpayout": [0.0, 0.0, 0.0, 0.0, 0.0, 0.0, 16.500672528428748, 33.001345056857495, 49.50201758528624, 66.00269011371499, 82.50336264214374, 82.50336264214374], "dividendPaid": [0.0, 0.0, 0.0, 0.0, 0.0, 0.0, 1914063235.226213, 4023365448.777321, 6278466542.09911, 8619640255.737556, 10979266775.745712, 11187872844.484879], "retainedEarning": [0.0, 10439679894.8775, 11943117404.970154, 12475634148.598158, 11783574198.105988, 10926116050.317976, 9685847204.354378, 8168154144.880236, 6404787289.488743, 4439888440.573025, 2328392965.7947693, 2372632432.1448708], "equityCost": [0.0, 2359826541.7667456, 3082602944.9787335, 3909467707.8857293, 4773200510.855761, 5589019526.539149, 6345473645.769426, 7016059513.81498, 7581570059.460585, 8024996406.537182, 8332385773.840911, 8493588752.287309], "excessEquity": [0.0, 8079853353.110755, 8860514459.99142, 8566166440.712429, 7010373687.250227, 5337096523.778827, 5254436793.811165, 5175460079.842577, 5101683772.127268, 5034532289.773399, 4975273967.699571, 5066916524.342441], "cumulatedDiscount": [0.0, 1.0692335790455259, 1.1432604465585048, 1.2224124590549361, 1.3070444486651516, 1.397535813817826, 1.4942922200527358, 1.5977474185868712, 1.7083651907863902, 1.8266414272613245, 1.9531063509034536, 2.0883268938330466], "presentValue": [0.0, 7556677522.532924, 7750215173.334955, 7007590913.573517, 5363531205.392233, 3818933633.7641344, 3516338185.5964746, 3239222933.259386, 2986295787.1313653, 2756168898.086173, 2547364594.558891, 2426304300.971915], "Price Target USD": [38.096716073842074, 40.73428807751537, 43.554468630993256, 46.569900377743004, 49.79410125668774, 53.241525102043546, 56.92762643870023, 60.86892976361815, 65.08310362382417, 69.58903982309235, 74.40693811238665, 79.55839674372612], "Price Target Local": [38.096716073842074, 40.73428807751537, 43.554468630993256, 46.569900377743004, 49.79410125668774, 53.241525102043546, 56.92762643870023, 60.86892976361815, 65.08310362382417, 69.58903982309235, 74.40693811238665, 79.55839674372612], "Equity Invested": 34085000000.0, "PV of Equity Excess Return": 46542338847.23005, "Terminal  Value of Excess Equity Return": 51644459361.14964, "Value of Equity": 132271798208.37968, "Number of shares": 3472000000, "Estimated Value/Share": 38.096716073842074, "Estimated Value/Share (Local Currency)": 38.096716073842074, "Current price": 332.67, "Valuation": 88.54819608806262}, "2022Q2": {"Date": ["2021", "2022", "2023", "2024", "2025", "2026", "2027", "2028", "2029", "2030", "2031", "Terminal"], "revenueGrowth": [0.0, 36.25959124778137, 26.584237660227327, 16.90888407267328, 7.2335304851192355, 7.2335304851192355, 6.370224388095388, 5.506918291071541, 4.6436121940476935, 3.7803060970238462, 2.916999999999999, 2.917], "revenue": [67166000000.0, 91520117057.48483, 115850042482.96484, 135438991864.55211, 145236012629.81265, 155741703878.76178, 165662799881.68195, 174785714909.86755, 182902085680.8756, 189816344377.45352, 195353287142.94382, 201051742528.90347], "netMargin": [14.167882559628383, 12.849679976698624, 11.531477393768865, 10.213274810839106, 8.895072227909347, 7.576869644979592, 7.576869644979592, 7.576869644979592, 7.576869644979592, 7.576869644979592, 7.576869644979592, 7.576869644979592], "netIncome": [9516000000.0, 11760042156.186771, 13359221459.594719, 13832756440.156729, 12918848224.357376, 11800345885.763905, 12552054397.258446, 13243285776.766323, 13858252609.988829, 14382136978.345201, 14801663914.00353, 15233428450.375011], "netGrowth": [0.0, 23.581779699314538, 13.598414717983342, 3.5446300669109165, -6.606840941305533, -8.657910667954374, 6.370224388095373, 5.5069182910715595, 4.643612194047699, 3.7803060970238382, 2.9169999999999963, 2.9169999999999865], "bvEquity": [0.0, 36376000000.0, 48136042156.18677, 61495263615.78149, 75328020055.93822, 88246868280.2956, 100047214166.0595, 110763202816.40552, 120132135818.44135, 127908994389.50273, 133876078903.09451, 137852093385.6602], "costOfEquity": [0.0, 9.303376751068596, 9.303376751068596, 9.303376751068596, 9.303376751068596, 9.303376751068596, 9.303376751068596, 9.303376751068596, 9.303376751068596, 9.303376751068596, 9.303376751068596, 9.303376751068596], "returnOnEquity": [0.26160105564108205, 0.32329124027344325, 0.27753053348773715, 0.224940192574552, 0.17150123174303403, 0.1337197128433256, 0.12546130846206677, 0.11956394759293484, 0.11535841359661787, 0.11244038816026779, 0.11056242485797359, 0.11050560115730271], "dividendpayout": [0.0, 0.0, 0.0, 0.0, 0.0, 0.0, 14.627611455487706, 29.255222910975412, 43.882834366463115, 58.510445821950825, 73.13805727743853, 73.13805727743853], "dividendPaid": [0.0, 0.0, 0.0, 0.0, 0.0, 0.0, 1836065746.9124248, 3874352774.7304897, 6081394038.927449, 8415052464.753426, 10825649431.437853, 11141433625.352894], "retainedEarning": [0.0, 11760042156.186771, 13359221459.594719, 13832756440.156729, 12918848224.357376, 11800345885.763905, 10715988650.346022, 9368933002.035833, 7776858571.061379, 5967084513.591776, 3976014482.5656776, 4091994825.0221176], "equityCost": [0.0, 3384196326.9687123, 4478277354.843258, 5721136058.238959, 7008049504.924445, 8209938627.135147, 9307769262.816986, 10304718059.560427, 11176345194.295021, 11899855646.558632, 12454995999.912745, 12824899606.90288], "excessEquity": [0.0, 8375845829.21806, 8880944104.751461, 8111620381.917769, 5910798719.432931, 3590407258.6287575, 3244285134.4414597, 2938567717.2058964, 2681907415.6938076, 2482281331.7865696, 2346667914.090786, 2408528843.4721317], "cumulatedDiscount": [0.0, 1.093033767510686, 1.1947228169186044, 1.3058723817075217, 1.427362609265925, 1.5601555304098174, 1.7053026773064754, 1.8639534101223565, 2.0373640183304302, 2.2269076687464207, 2.434085279068339, 2.6605374030223663], "presentValue": [0.0, 7662934191.222206, 7433476601.423704, 6211648623.20715, 4141063161.569562, 2301313675.877968, 1902468797.8358223, 1576524231.371748, 1316361431.5185387, 1114676358.8918371, 964086153.5422404, 905279076.6016095], "Price Target USD": [24.962332172559414, 27.284671980425824, 29.823067810058088, 32.59762016715446, 35.63029958318716, 38.945120590945486, 42.56833188567914, 46.52862417764914, 50.857357381984635, 55.58880894486806, 60.76044527244086, 66.41321841176288], "Price Target Local": [24.962332172559414, 27.284671980425824, 29.823067810058088, 32.59762016715446, 35.63029958318716, 38.945120590945486, 42.56833188567914, 46.52862417764914, 50.857357381984635, 55.58880894486806, 60.76044527244086, 66.41321841176288], "Equity Invested": 36376000000.0, "PV of Equity Excess Return": 34624553226.460785, "Terminal  Value of Excess Equity Return": 15493927751.45758, "Value of Equity": 86494480977.91837, "Number of shares": 3465000000, "Estimated Value/Share": 24.962332172559414, "Estimated Value/Share (Local Currency)": 24.962332172559414, "Current price": 268.43, "Valuation": 90.70061760140095}, "2022Q4": {"Date": ["2021", "2022", "2024", "2025", "2026", "2027", "2028", "2029", "2030", "2031", "2032", "Terminal"], "revenueGrowth": [0.0, 34.335722917382306, 25.301658773294616, 16.267594629206926, 7.2335304851192355, 7.2335304851192355, 6.556657721495388, 5.879784957871541, 5.202912194247694, 4.526039430623847, 3.8491666669999995, 3.849166667], "revenue": [81462000000.0, 109432566602.95798, 137120821191.69678, 159427080535.40167, 170959287007.46555, 183325679150.29306, 195345716447.7846, 206831624499.32782, 217592892311.96393, 227441232416.23828, 236195824521.41812, 245287395467.74234], "netMargin": [15.446465836831896, 13.872546598461435, 12.298627360090974, 10.724708121720512, 9.150788883350051, 7.576869644979592, 7.576869644979592, 7.576869644979592, 7.576869644979592, 7.576869644979592, 7.576869644979592, 7.576869644979592], "netIncome": [12583000000.0, 15181083795.887691, 16863978831.463442, 17098089054.402124, 15644123430.533667, 13890347734.991236, 14801090292.300098, 15671362572.907742, 16486729807.218327, 17232925699.11344, 17896249730.872593, 18585106210.156418], "netGrowth": [0.0, 20.647570498988248, 11.08547359465613, 1.3882264990863171, -8.503673242327134, -11.210443994065345, 6.556657721495389, 5.879784957871521, 5.202912194247687, 4.526039430623838, 3.849166667000001, 3.8491666669999995], "bvEquity": [0.0, 44704000000.0, 59885083795.887695, 76749062627.35114, 93847151681.75327, 109491275112.28693, 123381622847.27817, 136271775116.1791, 147896543549.38034, 157997571037.11917, 166330867770.39072, 172674379354.41113], "costOfEquity": [0.0, 10.15191137889382, 10.15191137889382, 10.15191137889382, 10.15191137889382, 10.15191137889382, 10.15191137889382, 10.15191137889382, 10.15191137889382, 10.15191137889382, 10.15191137889382, 10.15191137889382], "returnOnEquity": [0.28147369362920543, 0.3395911729574018, 0.28160566475856696, 0.22277912549134982, 0.1666979034545953, 0.12686259905865763, 0.1199618707448912, 0.115000795722717, 0.11147474722229506, 0.10907082676014572, 0.10759427862528342, 0.10763094258477579], "dividendpayout": [0.0, 0.0, 0.0, 0.0, 0.0, 0.0, 12.910792283952878, 25.821584567905756, 38.73237685185863, 51.64316913581151, 64.55396141976439, 64.55396141976439], "dividendPaid": [0.0, 0.0, 0.0, 0.0, 0.0, 0.0, 1910938023.3991795, 4046594139.7065034, 6385702319.479508, 8899628965.841883, 11552738146.852182, 11997422292.72661], "retainedEarning": [0.0, 15181083795.887691, 16863978831.463442, 17098089054.402124, 15644123430.533667, 13890347734.991236, 12890152268.900919, 11624768433.201239, 10101027487.73882, 8333296733.271559, 6343511584.020411, 6587683917.429808], "equityCost": [0.0, 4538310462.820693, 6079480636.134822, 7791496822.060404, 9527279670.347652, 11115457217.020193, 12525593009.29669, 13834189844.239983, 15014326033.580196, 16039773392.493147, 16885762291.795128, 17529749966.114746], "excessEquity": [0.0, 10642773333.066998, 10784498195.32862, 9306592232.34172, 6116843760.186014, 2774890517.9710426, 2275497283.0034084, 1837172728.667759, 1472403773.6381302, 1193152306.6202946, 1010487439.077465, 1055356244.0416718], "cumulatedDiscount": [0.0, 1.1015191137889382, 1.2133443580423677, 1.336522001991637, 1.4722045311932455, 1.6216614305160428, 1.7862910618077332, 1.9676337473715557, 2.1673861816659237, 2.387417306067039, 2.6297857952233388, 2.89675931860915], "presentValue": [0.0, 9661905272.309471, 8888241927.236988, 6963291452.346741, 4154887198.471135, 1711140479.6055493, 1273867026.2955897, 933696492.6129816, 679345372.8243264, 499766967.25293434, 384247051.95110685, 364323068.63118696], "Price Target USD": [24.840563692689788, 27.36235570478933, 30.14015780711724, 33.19995991715453, 36.57039042577233, 40.28298405271221, 44.37247689451748, 48.87713142546903, 53.83909449232811, 59.30479165238816, 65.32536154437622, 71.95713435630327], "Price Target Local": [24.840563692689788, 27.36235570478933, 30.14015780711724, 33.19995991715453, 36.57039042577233, 40.28298405271221, 44.37247689451748, 48.87713142546903, 53.83909449232811, 59.30479165238816, 65.32536154437622, 71.95713435630327], "Equity Invested": 44704000000.0, "PV of Equity Excess Return": 35150389240.906815, "Terminal  Value of Excess Equity Return": 6367207336.419438, "Value of Equity": 86221596577.32625, "Number of shares": 3471000000, "Estimated Value/Share": 24.840563692689788, "Estimated Value/Share (Local Currency)": 24.840563692689788, "Current price": 173.22, "Valuation": 85.65952910016755}, "2016Q3": {"Date": ["2015", "2016", "2017", "2018", "2019", "2020", "2021", "2022", "2023", "2024", "2025", "Terminal"], "revenueGrowth": [0.0, 33.98079439709706, 25.065039759771118, 16.14928512244518, 7.233530485119237, 7.2335304851192355, 6.098324388095389, 4.963118291071542, 3.827912194047695, 2.692706097023848, 1.5575000000000008, 1.5575], "revenue": [5929880000.0, 7944900330.7945795, 9936292757.582428, 11540933005.605286, 12375749912.832932, 13270953555.539818, 14080259352.750114, 14779079280.116768, 15344809458.048334, 15758000077.901896, 16003430929.11522, 16252684365.836187], "netMargin": [-14.738477001220934, -10.80668861639571, -6.8749002315704875, -2.9431118467452637, 0.98867653807996, 4.920464922905183, 4.920464922905183, 4.920464922905183, 4.920464922905183, 4.920464922905183, 4.920464922905183, 4.920464922905183], "netIncome": [-873974000.0, -858580639.631963, -683110213.8005558, -339662566.5129034, 122356135.7996303, 652992614.635375, 692814222.5061458, 727199411.9064935, 755035966.8699052, 775366866.3845342, 787443205.3284734, 799707633.2514644], "netGrowth": [0.0, 1.761306442529982, 20.43726794336102, 50.27704759043862, 136.022849693383, 433.6819525787509, 6.098324388095389, 4.963118291071556, 3.8279121940476806, 2.692706097023862, 1.5575000000000112, 1.557499999999993], "bvEquity": [0.0, 2680488000.0, 1821907360.368037, 1138797146.567481, 799134580.0545776, 921490715.8542079, 1574483330.489583, 2148608276.0374126, 2626647755.598756, 2993637388.801554, 3237677213.9153705, 3350617344.3207073], "costOfEquity": [0.0, 8.460904651216936, 8.460904651216936, 8.460904651216936, 8.460904651216936, 8.460904651216936, 8.460904651216936, 8.460904651216936, 8.460904651216936, 8.460904651216936, 8.460904651216936, 8.460904651216936], "returnOnEquity": [-0.3260503311337339, -0.32030758564558504, -0.37494234265707294, -0.2982643287583758, 0.15311080117603457, 0.7086263631316793, 0.4400263941128652, 0.338451368737924, 0.2874523107487595, 0.25900493803457525, 0.243212387554906, 0.23867471306652427], "dividendpayout": [-0.0, 0.0, 0.0, 0.0, 0.0, 0.0, 17.131472348961985, 34.26294469792397, 51.394417046885955, 68.52588939584794, 85.65736174480992, 85.65736174480992], "dividendPaid": [0.0, -0.0, -0.0, -0.0, 0.0, 0.0, 118689276.95831633, 249159932.3451502, 388046333.66710675, 531327041.270718, 674503074.9231368, 685008460.3150647], "retainedEarning": [0.0, -858580639.631963, -683110213.8005558, -339662566.5129034, 122356135.7996303, 652992614.635375, 574124945.5478295, 478039479.5613433, 366989633.2027985, 244039825.11381626, 112940130.40533662, 114699172.9363997], "equityCost": [0.0, 226793533.8673118, 154149844.59424293, 96352540.74185374, 67614014.85332069, 77966450.8382409, 133215533.34202844, 181791697.56368145, 222238162.1245404, 253288805.06967992, 273936781.98355645, 283492538.7301121], "excessEquity": [0.0, -1085374173.4992747, -837260058.3947988, -436015107.25475717, 54742120.94630961, 575026163.7971342, 559598689.1641173, 545407714.3428121, 532797804.74536484, 522078061.3148543, 513506423.344917, 516215094.5213523], "cumulatedDiscount": [0.0, 1.0846090465121694, 1.1763767837760373, 1.2759089017903802, 1.3838623374072534, 1.5009496102793831, 1.627943525667934, 1.7656822751503571, 1.9150749688942668, 2.0771076360117333, 2.252849732597832, 2.44346120040813], "presentValue": [0.0, -1000705440.3515865, -711727798.3906552, -341729026.7690211, 39557490.26949614, 383108240.1827602, 343745762.8848137, 308893464.0273079, 278212505.20181656, 251348583.1274972, 227936384.71074435, 211263880.28388956], "Price Target USD": [2.4546643838267914, 2.662351196849758, 2.887610193095749, 3.131928138232402, 3.3969175917528793, 3.684327550271505, 3.996054991338494, 4.334157393965839, 4.700866318502958, 5.098602135492665, 5.52999000072161, 5.997877181904497], "Price Target Local": [2.4546643838267914, 2.662351196849758, 2.887610193095749, 3.131928138232402, 3.3969175917528793, 3.684327550271505, 3.996054991338494, 4.334157393965839, 4.700866318502958, 5.098602135492665, 5.52999000072161, 5.997877181904497], "Equity Invested": 2680488000.0, "PV of Equity Excess Return": -221359835.10682634, "Terminal  Value of Excess Equity Return": 3319213161.2446895, "Value of Equity": 5778341326.137863, "Number of shares": 2354025000, "Estimated Value/Share": 2.4546643838267914, "Estimated Value/Share (Local Currency)": 2.4546643838267914, "Current price": 12.53, "Valuation": 80.40970164543661}, "2016Q1": {"Date": ["2015", "2016", "2017", "2018", "2019", "2020", "2021", "2022", "2023", "2024", "2025", "Terminal"], "revenueGrowth": [0.0, 33.98079439709706, 25.065039759771118, 16.14928512244518, 7.233530485119237, 7.2335304851192355, 6.167991054695388, 5.102451624271541, 4.036912193847694, 2.9713727634238474, 1.9058333330000004, 1.905833333], "revenue": [4253192000.0, 5698460428.833781, 7126781801.015793, 8277706114.116366, 8876476509.349552, 9518559143.657799, 10105663020.174501, 10621299587.090803, 11050072125.267166, 11378410958.736046, 11595264507.553364, 11816250923.587835], "netMargin": [-23.90555140703735, -18.140348141048843, -12.375144875060336, -6.6099416090718295, -0.8447383430833231, 4.920464922905183, 4.920464922905183, 4.920464922905183, 4.920464922905183, 4.920464922905183, 4.920464922905183, 4.920464922905183], "netIncome": [-1016749000.0, -1033720560.4703528, -881949572.8051386, -547151540.7136605, -74983000.5892598, 468357363.829666, 497245604.13468695, 522617320.5394761, 543714922.8794943, 559870720.0086066, 570540922.8122377, 581414481.8975992], "netGrowth": [0.0, -1.6691986390301605, 14.682013057393087, 37.96113093253346, 86.29575263711074, 724.61806029239, 6.167991054695387, 5.102451624271537, 4.036912193847696, 2.9713727634238425, 1.905833333000011, 1.9058333330000092], "bvEquity": [0.0, 970364000.0, -63356560.47035277, -945306133.2754914, -1492457673.989152, -1567440674.5784118, -1099083310.748746, -683833153.5909857, -333574283.03756875, -58833974.06408435, 131747609.51233882, 231879567.46275675], "costOfEquity": [0.0, 8.796784830814719, 8.796784830814719, 8.796784830814719, 8.796784830814719, 8.796784830814719, 8.796784830814719, 8.796784830814719, 8.796784830814719, 8.796784830814719, 8.796784830814719, 8.796784830814719], "returnOnEquity": [-1.0478016496902194, -1.0652915405665841, 13.920414338430513, 0.57880883393592, 0.050241291191085946, -0.29880388548398373, -0.45241848299556153, -0.7642468309631913, -1.6299665487649673, -9.51611256786381, 4.330559961763889, 2.507398509750036], "dividendpayout": [-0.0, 0.0, 0.0, 0.0, 0.0, 0.0, 16.489928979787805, 32.97985795957561, 49.469786939363416, 65.95971591915122, 82.44964489893903, 82.44964489893903], "dividendPaid": [0.0, -0.0, -0.0, -0.0, -0.0, 0.0, 81995446.97692668, 172358449.9860592, 268974613.9060099, 369289136.4321834, 470408964.8618198, 479374175.71557665], "retainedEarning": [0.0, -1033720560.4703528, -881949572.8051386, -547151540.7136605, -74983000.5892598, 468357363.829666, 415250157.15776026, 350258870.5534169, 274740308.9734844, 190581583.57642317, 100131957.95041794, 102040306.18202257], "equityCost": [0.0, 85360833.15568694, -5573340.300781947, -83156546.53673959, -131288290.27180791, -137884383.49333364, -96683993.95796189, -60155331.12317374, -29343811.929747805, -5175498.105834838, 11589553.72854243, 20397946.61632257], "excessEquity": [0.0, -1119081393.6260397, -876376232.5043566, -463994994.1769209, 56305289.682548106, 606241747.3229997, 593929598.0926489, 582772651.6626499, 573058734.8092421, 565046218.1144414, 558951369.0836953, 561016535.2812767], "cumulatedDiscount": [0.0, 1.0879678483081472, 1.1836740389522595, 1.2877992972571037, 1.4010842304895552, 1.5243345955441976, 1.6584270300158905, 1.8043152874224595, 1.9630370209265093, 2.13572116380665, 2.3235959591728927, 2.5279976960388377], "presentValue": [0.0, -1028597853.6647713, -740386460.8537748, -360300704.5936338, 40186941.26824508, 397709104.743219, 358128266.93192405, 322988258.052818, 291924568.2584077, 264569283.52356577, 240554459.08188772, 221921300.07093874], "Price Target USD": [2.141011190684091, 2.3293513383322346, 2.5342593635190243, 2.7571927067825674, 2.999737016569146, 3.2636174274070346, 3.5507108301970023, 3.8630592218938675, 4.202884229530817, 4.572602911890888, 4.974844951217498, 5.41247135724275], "Price Target Local": [2.141011190684091, 2.3293513383322346, 2.5342593635190243, 2.7571927067825674, 2.999737016569146, 3.2636174274070346, 3.5507108301970023, 3.8630592218938675, 4.202884229530817, 4.572602911890888, 4.974844951217498, 5.41247135724275], "Equity Invested": 970364000.0, "PV of Equity Excess Return": -213224137.25211227, "Terminal  Value of Excess Equity Return": 3503772148.2801495, "Value of Equity": 4260912011.028037, "Number of shares": 1990140000, "Estimated Value/Share": 2.141011190684091, "Estimated Value/Share (Local Currency)": 2.141011190684091, "Current price": 13.91, "Valuation": 84.6081150921345}, "2016Q2": {"Date": ["2015", "2016", "2017", "2018", "2019", "2020", "2021", "2022", "2023", "2024", "2025", "Terminal"], "revenueGrowth": [0.0, 33.98079439709706, 25.065039759771118, 16.14928512244518, 7.233530485119237, 7.2335304851192355, 6.1374910546953885, 5.0414516242715415, 3.9454121938476945, 2.8493727634238475, 1.7533333330000005, 1.753333333], "revenue": [4568233000.0, 6120554863.310339, 7654674373.31768, 8890849563.059496, 9533971876.589495, 10223614638.72529, 10851088072.643583, 11398140428.533009, 11847844050.872234, 12185433292.31072, 12399084555.995285, 12616481838.502407], "netMargin": [-24.642131870243922, -18.7296125116141, -12.81709315298428, -6.904573794354459, -0.9920544357246381, 4.920464922905183, 4.920464922905183, 4.920464922905183, 4.920464922905183, 4.920464922905183, 4.920464922905183, 4.920464922905183], "netIncome": [-1125710000.0, -1146356209.4587784, -981106744.9857427, -613875269.0264839, -94582190.90244561, 503049372.1514774, 533923982.36797565, 560841501.6494412, 582969010.6436769, 599579970.8521593, 610092606.3391019, 620789563.368214], "netGrowth": [0.0, -1.8340611222053975, 14.415193384877622, 37.43032833441537, 84.5926044467569, 631.8647911955591, 6.137491054695392, 5.041451624271538, 3.9454121938477056, 2.849372763423845, 1.7533333330000094, 1.7533333330000254], "bvEquity": [0.0, 2520294000.0, 1373937790.5412216, 392831045.55547893, -221044223.47100496, -315626414.3734506, 187422957.77802682, 631803637.9841385, 1004529970.7873206, 1294193349.9464025, 1491555984.4496212, 1590061657.065909], "costOfEquity": [0.0, 8.443363977279347, 8.443363977279347, 8.443363977279347, 8.443363977279347, 8.443363977279347, 8.443363977279347, 8.443363977279347, 8.443363977279347, 8.443363977279347, 8.443363977279347, 8.443363977279347], "returnOnEquity": [-0.44665820733612827, -0.45485019186601977, -0.7140838193258118, -1.5626954029522782, 0.42788809142914447, -1.5938126507886856, 2.848765106995724, 0.8876832419624675, 0.5803400870028429, 0.4632846945759613, 0.4090309801976517, 0.39041854799123804], "dividendpayout": [-0.0, 0.0, 0.0, 0.0, 0.0, 0.0, 16.770796053163888, 33.541592106327776, 50.31238815949166, 67.08318421265555, 83.85398026581944, 83.85398026581944], "dividendPaid": [0.0, -0.0, -0.0, -0.0, -0.0, 0.0, 89543302.16186392, 188115168.84625915, 293305631.48459494, 402217336.3489405, 511586933.7228141, 520556757.9590489], "retainedEarning": [0.0, -1146356209.4587784, -981106744.9857427, -613875269.0264839, -94582190.90244561, 503049372.1514774, 444380680.2061117, 372726332.8031821, 289663379.15908194, 197362634.50321877, 98505672.61628783, 100232805.40916508], "equityCost": [0.0, 212797595.71753275, 116006568.47678527, 33168154.99200113, -18663568.33840769, -26649486.97398637, 15824802.502181398, 53345480.776693165, 84816121.69443138, 109273455.1057194, 125937500.69197366, 134254693.169234], "excessEquity": [0.0, -1359153805.176311, -1097113313.462528, -647043424.0184851, -75918622.56403792, 529698859.1254638, 518099179.86579424, 507496020.8727481, 498152888.9492455, 490306515.7464399, 484155105.6471282, 486534870.19898], "cumulatedDiscount": [0.0, 1.0844336397727934, 1.1759963190708687, 1.2752899686494295, 1.3829673424682323, 1.4997363088797324, 1.6263645041378625, 1.7636843788194965, 1.9125986703336446, 2.0740863374945193, 2.249208996172204, 2.439117898328734], "presentValue": [0.0, -1253330545.3905654, -932922404.322945, -507369649.19729084, -54895455.75858876, 353194662.2810888, 318562769.01495653, 287747641.7931621, 260458661.12745172, 236396386.63196945, 215255721.66529796, 199471649.3746982], "Price Target USD": [2.2273021794206094, 2.415361409302967, 2.61929916445716, 2.8404561265661146, 3.080286175947022, 3.340365949324048, 3.62240520459858, 3.9282580607547484, 4.259935186791087, 4.619617019808053, 5.009668099146792, 5.432652610811407], "Price Target Local": [2.2273021794206094, 2.415361409302967, 2.61929916445716, 2.8404561265661146, 3.080286175947022, 3.340365949324048, 3.62240520459858, 3.9282580607547484, 4.259935186791087, 4.619617019808053, 5.009668099146792, 5.432652610811407], "Equity Invested": 2520294000.0, "PV of Equity Excess Return": -1076902212.1554637, "Terminal  Value of Excess Equity Return": 3233374826.882991, "Value of Equity": 4676766614.727528, "Number of shares": 2099745000, "Estimated Value/Share": 2.2273021794206094, "Estimated Value/Share (Local Currency)": 2.2273021794206094, "Current price": 15.34, "Valuation": 85.4804290780925}, "2016Q4": {"Date": ["2015", "2016", "2018", "2019", "2020", "2021", "2022", "2023", "2024", "2025", "2026", "Terminal"], "revenueGrowth": [0.0, 38.84418163904937, 28.307297921072657, 17.770414203095946, 7.2335304851192355, 7.2335304851192355, 6.207824388095388, 5.182118291071541, 4.156412194047694, 3.1307060970238467, 2.1049999999999995, 2.105], "revenue": [7000132000.0, 9719275989.053219, 12470540399.045794, 14686607081.320646, 15748967281.777655, 16888173631.196495, 17936561792.57781, 18866055642.020332, 19650206679.26109, 20265396897.8465, 20691983502.54617, 21127549755.274765], "netMargin": [-9.641446761289645, -6.729064424450679, -3.8166820876117136, -0.9042997507727479, 2.0080825860662177, 4.920464922905183, 4.920464922905183, 4.920464922905183, 4.920464922905183, 4.920464922905183, 4.920464922905183, 4.920464922905183], "netIncome": [-674914000.0, -654016342.893557, -475960881.63876307, -132810951.23335534, 316252269.4706432, 830976659.6423461, 882562231.3790042, 928297650.2013848, 966881526.9314134, 997151745.8460523, 1018141790.0961117, 1039573674.7776347], "netGrowth": [0.0, 3.09634369807754, 27.224925369146764, 72.09624648645936, 338.1221326507725, 162.7575324702874, 6.207824388095403, 5.182118291071544, 4.156412194047701, 3.130706097023831, 2.1049999999999964, 2.1049999999999938], "bvEquity": [0.0, 4752911000.0, 4098894657.106443, 3622933775.46768, 3490122824.2343245, 3806375093.7049675, 4637351753.347314, 5377617474.349167, 6006574156.812626, 6505781465.409892, 6859845579.786954, 7057206587.243799], "costOfEquity": [0.0, 8.201395931950964, 8.201395931950964, 8.201395931950964, 8.201395931950964, 8.201395931950964, 8.201395931950964, 8.201395931950964, 8.201395931950964, 8.201395931950964, 8.201395931950964, 8.201395931950964], "returnOnEquity": [-0.1420001342335255, -0.1376033220259241, -0.11611932519748165, -0.036658398818292214, 0.09061350714498816, 0.21831181614671294, 0.1903159989409811, 0.1726224772641965, 0.16097054688566215, 0.15327163249299636, 0.14842051154856056, 0.14730668033109706], "dividendpayout": [-0.0, 0.0, 0.0, 0.0, 0.0, 0.0, 16.123113511759207, 32.246227023518415, 48.36934053527762, 64.49245404703683, 80.61556755879604, 80.61556755879604], "dividendPaid": [0.0, -0.0, -0.0, -0.0, 0.0, 0.0, 142296510.3771518, 299340967.7379254, 467674218.33414733, 643087631.4689908, 820780782.6392663, 838058218.1138228], "retainedEarning": [0.0, -654016342.893557, -475960881.63876307, -132810951.23335534, 316252269.4706432, 830976659.6423461, 740265721.0018525, 628956682.4634594, 499207308.5972661, 354064114.3770615, 197361007.4568454, 201515456.66381192], "equityCost": [0.0, 389805049.40324986, 336166579.6628832, 297131143.27848375, 286238791.32684594, 312175892.0899139, 380327578.04928327, 441039700.7771567, 492622928.5464486, 533564896.4457467, 562603096.3187653, 578789453.9555883], "excessEquity": [0.0, -1043821392.2968068, -812127461.3016462, -429942094.5118391, 30013478.14379728, 518800767.55243224, 502234653.329721, 487257949.4242281, 474258598.3849648, 463586849.40030557, 455538693.7773464, 460784220.8220464], "cumulatedDiscount": [0.0, 1.0820139593195097, 1.1707542081622817, 1.266772396163648, 1.3706654159296912, 1.4830791135924077, 1.60471230368219, 1.7363211132758978, 1.8787236824257132, 2.032805250088775, 2.199523657174042, 2.379915300915813], "presentValue": [0.0, -964702334.2963868, -693678874.3868216, -339399639.4410674, 21897012.790272977, 349813278.87206256, 312974887.8831975, 280626633.9207982, 252436589.1702744, 228052760.7748259, 207107885.51491398, 193613705.7670634], "Price Target USD": [3.373403078515787, 3.6500692213654897, 3.9494258499999537, 4.27333390099727, 4.623806933712341, 5.003023647475092, 5.413341425373659, 5.857310988816871, 6.3376922539754155, 6.857471488672527, 7.4198798763792135, 8.028413602716228], "Price Target Local": [3.373403078515787, 3.6500692213654897, 3.9494258499999537, 4.27333390099727, 4.623806933712341, 5.003023647475092, 5.413341425373659, 5.857310988816871, 6.3376922539754155, 6.857471488672527, 7.4198798763792135, 8.028413602716228], "Equity Invested": 4752911000.0, "PV of Equity Excess Return": -344871799.1979303, "Terminal  Value of Excess Equity Return": 3436337381.8554, "Value of Equity": 7844376582.65747, "Number of shares": 2325360000, "Estimated Value/Share": 3.373403078515787, "Estimated Value/Share (Local Currency)": 3.373403078515787, "Current price": 16.67, "Valuation": 79.76362880314466}, "2019Q3": {"Date": ["2018", "2019", "2020", "2021", "2022", "2023", "2024", "2025", "2026", "2027", "2028", "Terminal"], "revenueGrowth": [0.0, 40.94312833926119, 29.706595721213873, 18.470063103166552, 7.233530485119232, 7.2335304851192355, 6.150057721495388, 5.066584957871541, 3.9831121942476937, 2.8996394306238464, 1.8161666669999994, 1.816166667], "revenue": [24420013000.0, 34418330263.05427, 44642844488.29201, 52888406036.32805, 56714105010.05948, 60816537085.32467, 64556789220.28679, 67827613792.20667, 70529263748.2313, 72574358090.00371, 73892429390.42357, 75234439062.44894], "netMargin": [-3.39060425561608, -1.7283904199118274, -0.06617658420757477, 1.5960372514966779, 3.2582510872009305, 4.920464922905183, 4.920464922905183, 4.920464922905183, 4.920464922905183, 4.920464922905183, 4.920464922905183, 4.920464922905183], "netIncome": [-827986000.0, -594883122.9602432, -29543109.575451214, 844118662.0626132, 1847887943.0865405, 2992456374.609023, 3176494168.9380465, 3337433944.689128, 3470367683.1150026, 3570995832.8422327, 3635851068.838272, 3701884184.0122757], "netGrowth": [0.0, 28.152997398477364, 95.03379597853785, 2957.2437843984844, 118.91329100238181, 61.93927698942079, 6.150057721495394, 5.066584957871535, 3.9831121942477004, 2.899639430623853, 1.8161666669999923, 1.8161666669999914], "bvEquity": [0.0, 6040000000.0, 5445116877.039757, 5415573767.464306, 6259692429.526919, 8107580372.61346, 11100036747.222483, 13747483503.694498, 15973213350.211538, 17709604253.821045, 18901592281.43408, 19509675160.280975], "costOfEquity": [0.0, 8.311162640705676, 8.311162640705676, 8.311162640705676, 8.311162640705676, 8.311162640705676, 8.311162640705676, 8.311162640705676, 8.311162640705676, 8.311162640705676, 8.311162640705676, 8.311162640705676], "returnOnEquity": [-0.1370837748344371, -0.09849058327156344, -0.005425615325177805, 0.15586874047103022, 0.2952042714383326, 0.3690936428724433, 0.2861696984681504, 0.2427668993959677, 0.21726171228214664, 0.20164176351212085, 0.19235686680267433, 0.1897460697628018], "dividendpayout": [-0.0, 0.0, 0.0, 0.0, 0.0, 0.0, 16.655072678534154, 33.31014535706831, 49.96521803560246, 66.62029071413662, 83.27536339267077, 83.27536339267077], "dividendPaid": [0.0, -0.0, -0.0, 0.0, 0.0, 0.0, 529047412.46603113, 1111704098.1720872, 1733976779.5054965, 2379007805.2291994, 3027768189.991375, 3082757506.6120276], "retainedEarning": [0.0, -594883122.9602432, -29543109.575451214, 844118662.0626132, 1847887943.0865405, 2992456374.609023, 2647446756.4720154, 2225729846.5170407, 1736390903.6095061, 1191988027.6130333, 608082878.8468971, 619126677.400248], "equityCost": [0.0, 501994223.4986229, 452552519.6272879, 450097143.74135035, 520253218.62592286, 673834190.9938359, 922542107.2397566, 1142575712.996233, 1327559740.4829931, 1471874012.560398, 1570942076.193057, 1621480833.2443078], "excessEquity": [0.0, -1096877346.4588661, -482095629.2027391, 394021518.3212629, 1327634724.4606175, 2318622183.615187, 2253952061.69829, 2194858231.692895, 2142807942.6320095, 2099121820.2818346, 2064908992.645215, 2080403350.767968], "cumulatedDiscount": [0.0, 1.0831116264070568, 1.1731307952581398, 1.2706316036402479, 1.3762358627829956, 1.4906170636586094, 1.6145046721693876, 1.7486887813151775, 1.894025150010056, 2.0514406606832614, 2.2219392304702144, 2.406608213692238], "presentValue": [0.0, -1012709419.5244433, -410947893.577934, 310098943.8578624, 964685458.6218253, 1555478090.3448808, 1396064130.7217064, 1255145143.6899803, 1131351367.0188766, 1023242768.1250563, 929327393.0845678, 864454521.0689679], "Price Target USD": [9.97738999822371, 10.806627108273585, 11.704783463216792, 12.677587053587162, 13.731241932527839, 14.872467782129005, 16.1085427681883, 17.447349956700062, 18.897427588094498, 20.468023529850615, 22.169154254754407, 24.01166872093597], "Price Target Local": [9.97738999822371, 10.806627108273585, 11.704783463216792, 12.677587053587162, 13.731241932527839, 14.872467782129005, 16.1085427681883, 17.447349956700062, 18.897427588094498, 20.468023529850615, 22.169154254754407, 24.01166872093597], "Equity Invested": 6040000000.0, "PV of Equity Excess Return": 7141735982.362378, "Terminal  Value of Excess Equity Return": 14415724752.72441, "Value of Equity": 27597460735.086784, "Number of shares": 2766000000, "Estimated Value/Share": 9.97738999822371, "Estimated Value/Share (Local Currency)": 9.97738999822371, "Current price": 21.08, "Valuation": 52.668927902164555}, "2019Q1": {"Date": ["2018", "2019", "2020", "2021", "2022", "2023", "2024", "2025", "2026", "2027", "2028", "Terminal"], "revenueGrowth": [0.0, 40.94312833926119, 29.706595721213873, 18.470063103166552, 7.233530485119232, 7.2335304851192355, 6.314391054695388, 5.395251624271541, 4.476112193847694, 3.556972763423847, 2.6378333329999997, 2.637833333], "revenue": [22593981000.0, 31844663637.77829, 41304629123.43349, 48933620187.06056, 52473248520.764046, 56268916949.04589, 59821956407.45042, 63049501482.194405, 65871667906.19909, 68214705192.43559, 70014095424.00934, 71860950570.90228], "netMargin": [-4.287314395811876, -2.4457585320684645, -0.6042026683250528, 1.237353195418359, 3.078909059161771, 4.920464922905183, 4.920464922905183, 4.920464922905183, 4.920464922905183, 4.920464922905183, 4.920464922905183, 4.920464922905183], "netIncome": [-968675000.0, -778843577.9294664, -249563671.305552, 605481713.0184771, 1615603602.3422742, 2768692320.976453, 2943518381.224228, 3102328604.4979596, 3241192313.4571176, 3356480641.256974, 3445019006.427743, 3535892866.107479], "netGrowth": [0.0, 19.597018821641278, 67.95715104064799, 342.61612671868363, 166.82946282359018, 71.3720071533915, 6.314391054695381, 5.395251624271547, 4.476112193847687, 3.556972763423838, 2.6378333330000037, 2.637833332999992], "bvEquity": [0.0, 4605596000.0, 3826752422.0705338, 3577188750.7649817, 4182670463.7834587, 5798274066.125732, 8566966387.102185, 11064784072.627373, 13227617937.67907, 14996488884.077423, 16320047609.234247, 17156882855.615862], "costOfEquity": [0.0, 9.462865428087655, 9.462865428087655, 9.462865428087655, 9.462865428087655, 9.462865428087655, 9.462865428087655, 9.462865428087655, 9.462865428087655, 9.462865428087655, 9.462865428087655, 9.462865428087655], "returnOnEquity": [-0.2103256560063019, -0.16910809761200643, -0.06521552579837947, 0.16926188557676605, 0.38626126928509463, 0.4775028378102221, 0.3435893463590309, 0.28037859429834316, 0.24503219920077463, 0.22381776609195034, 0.2110912350818434, 0.20609179976711772], "dividendpayout": [-0.0, 0.0, 0.0, 0.0, 0.0, 0.0, 15.141767027582484, 30.283534055164967, 45.42530108274745, 60.567068110329934, 75.70883513791242, 75.70883513791242], "dividendPaid": [0.0, -0.0, -0.0, 0.0, 0.0, 0.0, 445700695.6990398, 939494739.4462637, 1472321367.0587633, 2032921916.1001506, 2608183760.0461283, 2676983300.654517], "retainedEarning": [0.0, -778843577.9294664, -249563671.305552, 605481713.0184771, 1615603602.3422742, 2768692320.976453, 2497817685.525188, 2162833865.051696, 1768870946.3983543, 1323558725.1568236, 836835246.3816147, 858909565.4529619], "equityCost": [0.0, 435821351.64138794, 362120431.96661955, 338504557.5935801, 395800477.2881985, 548682872.0291842, 810680500.4809827, 1047045626.7012049, 1251711684.784154, 1419097562.0383706, 1544344143.0616734, 1623532736.2815714], "excessEquity": [0.0, -1214664929.5708542, -611684103.2721715, 266977155.42489696, 1219803125.0540757, 2220009448.9472685, 2132837880.7432451, 2055282977.7967548, 1989480628.6729636, 1937383079.2186036, 1900674863.3660696, 1912360129.8259077], "cumulatedDiscount": [0.0, 1.0946286542808765, 1.1982118907727628, 1.311597069539934, 1.435711735189239, 1.5715712046254589, 1.720286872825742, 1.8830753045782995, 2.0612681865600955, 2.25632322116626, 2.4698360512079156, 2.703553313028115], "presentValue": [0.0, -1109659357.829287, -510497440.3798297, 203551198.47785568, 849615626.2825944, 1412605068.363, 1239815239.2105668, 1091450231.862618, 965173111.2160941, 858646075.635032, 769555073.2756176, 707350626.5293392], "Price Target USD": [8.37019312812738, 9.162253239913113, 10.029264934186692, 10.978320778335162, 12.017184499852803, 13.154354497318883, 14.399133361333764, 15.761703974127652, 17.253212810372894, 18.88586112064006, 20.673004743421757, 22.629263362233935], "Price Target Local": [8.37019312812738, 9.162253239913113, 10.029264934186692, 10.978320778335162, 12.017184499852803, 13.154354497318883, 14.399133361333764, 15.761703974127652, 17.253212810372894, 18.88586112064006, 20.673004743421757, 22.629263362233935], "Equity Invested": 4605596000.0, "PV of Equity Excess Return": 5770254826.114262, "Terminal  Value of Excess Equity Return": 11344800341.376287, "Value of Equity": 21720651167.490547, "Number of shares": 2595000000, "Estimated Value/Share": 8.37019312812738, "Estimated Value/Share (Local Currency)": 8.37019312812738, "Current price": 16.1, "Valuation": 48.011222806662246}, "2019Q2": {"Date": ["2018", "2019", "2020", "2021", "2022", "2023", "2024", "2025", "2026", "2027", "2028", "Terminal"], "revenueGrowth": [0.0, 40.94312833926119, 29.706595721213873, 18.470063103166552, 7.233530485119232, 7.2335304851192355, 6.2501577214953885, 5.2667849578715416, 4.283412194247695, 3.3000394306238476, 2.3166666670000007, 2.316666667], "revenue": [24941426000.0, 35153226056.82186, 45596052804.48634, 54017672530.02811, 57925057339.83957, 62115084021.03966, 65997374741.19402, 69473314546.65334, 72449142973.69275, 74839993258.97366, 76573786436.38936, 78347745822.42094], "netMargin": [-2.644074961872669, -1.1311669849170984, 0.381740992038472, 1.8946489689940424, 3.407556945949613, 4.920464922905183, 4.920464922905183, 4.920464922905183, 4.920464922905183, 4.920464922905183, 4.920464922905183, 4.920464922905183], "netIncome": [-659470000.0, -397641687.2880437, 174058824.3062317, 1023445275.6647556, 1973829314.8289993, 3056350921.088339, 3247377674.1787376, 3418410073.047662, 3564834666.965977, 3682475616.612403, 3767786301.7428656, 3855073351.079134], "netGrowth": [0.0, 39.70283905438554, 143.77278084029126, 487.98815845391977, 92.86124639609513, 54.843729299517605, 6.250157721495407, 5.266784957871532, 4.283412194247704, 3.300039430623852, 2.3166666670000104, 2.3166666669999847], "bvEquity": [0.0, 5715393000.0, 5317751312.711956, 5491810137.0181875, 6515255412.682943, 8489084727.511943, 11545435648.60028, 14281894425.586811, 16624648705.001575, 18506887524.3693, 19871866908.945656, 20675672092.247765], "costOfEquity": [0.0, 9.140403936999999, 9.140403936999999, 9.140403936999999, 9.140403936999999, 9.140403936999999, 9.140403936999999, 9.140403936999999, 9.140403936999999, 9.140403936999999, 9.140403936999999, 9.140403936999999], "returnOnEquity": [-0.11538489129268976, -0.06957381360967543, 0.03273165931813101, 0.18635845925664896, 0.3029550170798581, 0.3600330329114434, 0.28126939277275653, 0.23935270568331532, 0.21443067641444272, 0.19897865655494107, 0.1896040426904597, 0.1864545604069903], "dividendpayout": [-0.0, 0.0, 0.0, 0.0, 0.0, 0.0, 15.733276152470262, 31.466552304940524, 47.19982845741079, 62.93310460988105, 78.66638076235131, 78.66638076235131], "dividendPaid": [0.0, -0.0, 0.0, 0.0, 0.0, 0.0, 510918897.1922068, 1075655793.632898, 1682595847.5982523, 2317496232.036046, 2963981118.4407573, 3032646681.027848], "retainedEarning": [0.0, -397641687.2880437, 174058824.3062317, 1023445275.6647556, 1973829314.8289993, 3056350921.088339, 2736458776.986531, 2342754279.4147635, 1882238819.367725, 1364979384.576357, 803805183.3021083, 822426670.0512862], "equityCost": [0.0, 522410006.7870223, 486063950.34699273, 501973629.97657543, 595520662.2464772, 775936634.6487672, 1055299454.5684613, 1305422840.35452, 1519560044.744383, 1691604275.893613, 1816368905.3006685, 1889839945.9210246], "excessEquity": [0.0, -920051694.075066, -312005126.040761, 521471645.68818015, 1378308652.582522, 2280414286.4395714, 2192078219.610276, 2112987232.6931417, 2045274622.221594, 1990871340.7187898, 1951417396.442197, 1965233405.1581094], "cumulatedDiscount": [0.0, 1.09140403937, 1.1911627771531523, 1.3000398665321375, 1.4188687616752105, 1.5485590978282344, 1.690103654572898, 1.84458595555486, 2.0131885628577453, 2.197202129516428, 2.3980352794665953, 2.6172253905616087], "presentValue": [0.0, -842998248.9401037, -261933240.38083613, 401119734.18108183, 971413769.7662745, 1472603977.2312996, 1297008153.1266973, 1145507600.9496913, 1015937930.4829261, 906093851.8009498, 813756750.4329039, 750884280.8285633], "Price Target USD": [9.282002648868314, 10.130415184417917, 11.056376052768897, 12.06697348478571, 13.169943604265807, 14.373729647970798, 15.687546598607657, 17.1214517255255, 18.686421573116988, 20.39443598627059, 22.25856981608861, 24.293093007878266], "Price Target Local": [9.282002648868314, 10.130415184417917, 11.056376052768897, 12.06697348478571, 13.169943604265807, 14.373729647970798, 15.687546598607657, 17.1214517255255, 18.686421573116988, 20.39443598627059, 22.25856981608861, 24.293093007878266], "Equity Invested": 5715393000.0, "PV of Equity Excess Return": 6918510278.650885, "Terminal  Value of Excess Equity Return": 12009813754.094488, "Value of Equity": 24643717032.745373, "Number of shares": 2655000000, "Estimated Value/Share": 9.282002648868314, "Estimated Value/Share (Local Currency)": 9.282002648868314, "Current price": 15.72, "Valuation": 40.954181622975106}, "2019Q4": {"Date": ["2018", "2019", "2021", "2022", "2023", "2024", "2025", "2026", "2027", "2028", "2029", "Terminal"], "revenueGrowth": [0.0, 30.831729521958316, 22.965663176345288, 15.09959683073226, 7.233530485119233, 7.2335304851192355, 6.141924388095388, 5.050318291071541, 3.9587121940476937, 2.8671060970238464, 1.7754999999999994, 1.7755], "revenue": [24578140000.0, 32156005646.328247, 39540845594.03057, 45511353862.19154, 48803431518.003654, 52333642614.64274, 55547935373.57017, 58353282914.054184, 60663321440.399994, 62402603228.07488, 63510561448.38935, 64638191466.9055], "netMargin": [-3.509089784662306, -1.823178843148808, -0.13726790163531, 1.548643039878188, 3.234553981391686, 4.920464922905183, 4.920464922905183, 4.920464922905183, 4.920464922905183, 4.920464922905183, 4.920464922905183, 4.920464922905183], "netIncome": [-862469000.0, -586261491.7455927, -54276889.03578369, 704808413.9411623, 1578573337.2213523, 2575058527.732055, 2733216675.4545608, 2871252817.14966, 2984917452.544101, 3070498202.8171225, 3125014898.40814, 3180499537.9293766], "netGrowth": [0.0, 32.02520997907256, 90.74186351995006, 1398.5423933867983, 123.9719767807897, 63.125682349655236, 6.141924388095405, 5.050318291071548, 3.9587121940476795, 2.86710609702386, 1.7754999999999905, 1.7754999999999965], "bvEquity": [0.0, 6618000000.0, 6031738508.254407, 5977461619.218623, 6682270033.159785, 8260843370.381138, 10835901898.113194, 13111852228.276102, 15022385543.0921, 16509175562.001493, 17524899982.6511, 18035844517.721867], "costOfEquity": [0.0, 7.531843167787821, 7.531843167787821, 7.531843167787821, 7.531843167787821, 7.531843167787821, 7.531843167787821, 7.531843167787821, 7.531843167787821, 7.531843167787821, 7.531843167787821, 7.531843167787821], "returnOnEquity": [-0.13032169839830765, -0.08858590083795599, -0.008998548090489337, 0.11791098945329494, 0.2362330958473563, 0.3117185996970728, 0.25223711889921074, 0.21898148081304009, 0.19869796604419376, 0.18598737358420034, 0.17831855825150333, 0.17634325549902832], "dividendpayout": [-0.0, 0.0, 0.0, 0.0, 0.0, 0.0, 16.729970565381695, 33.45994113076339, 50.18991169614509, 66.91988226152678, 83.64985282690847, 83.64985282690847], "dividendPaid": [0.0, -0.0, -0.0, 0.0, 0.0, 0.0, 457266345.29165214, 960719502.3336616, 1498127433.6347077, 2054773782.1675138, 2614070363.3373723, 2660483182.6384273], "retainedEarning": [0.0, -586261491.7455927, -54276889.03578369, 704808413.9411623, 1578573337.2213523, 2575058527.732055, 2275950330.1629086, 1910533314.8159986, 1486790018.9093935, 1015724420.6496086, 510944535.0707679, 520016355.29094934], "equityCost": [0.0, 498457380.84419805, 454301084.7327866, 450213034.5742572, 503298098.9456783, 622193766.9937049, 816143136.7812295, 987564146.2258488, 1131462519.1661277, 1243445211.6247063, 1319947982.004956, 1358431523.0608687], "excessEquity": [0.0, -1084718872.5897908, -508577973.7685703, 254595379.36690515, 1075275238.275674, 1952864760.7383504, 1917073538.6733313, 1883688670.9238114, 1853454933.3779736, 1827052991.1924162, 1805066916.4031842, 1822068014.8685079], "cumulatedDiscount": [0.0, 1.075318431677878, 1.1563097295061715, 1.2434011648664478, 1.3370521905506354, 1.4377568646143808, 1.5460464567912393, 1.662492251217896, 1.7877085602562528, 1.9223559653118711, 2.0671448017457745, 2.2228389062643443], "presentValue": [0.0, -1008742006.6791236, -439828499.91737956, 204757230.86060557, 804213362.7056441, 1358271908.6944692, 1239984432.7137132, 1133051098.1593287, 1036776896.739979, 950423867.4630723, 873217451.8585942, 819703132.6622928], "Price Target USD": [10.01164267324358, 10.765703897911605, 11.576559831410727, 12.448488162137703, 13.386088767270547, 14.394307979522225, 15.478464681628205, 16.64427836622987, 17.89789930918434, 19.245941015480682, 20.695515108931634, 22.254268849702196], "Price Target Local": [10.01164267324358, 10.765703897911605, 11.576559831410727, 12.448488162137703, 13.386088767270547, 14.394307979522225, 15.478464681628205, 16.64427836622987, 17.89789930918434, 19.245941015480682, 20.695515108931634, 22.254268849702196], "Equity Invested": 6618000000.0, "PV of Equity Excess Return": 6152125742.598903, "Terminal  Value of Excess Equity Return": 15312531955.84934, "Value of Equity": 28082657698.448242, "Number of shares": 2805000000, "Estimated Value/Share": 10.01164267324358, "Estimated Value/Share (Local Currency)": 10.01164267324358, "Current price": 53.6, "Valuation": 81.32156217678437}, "2009Q3": {"Date": ["2008", "2009", "2010", "2011", "2012", "2013", "2014", "2015", "2016", "2017", "2018", "Terminal"], "revenueGrowth": [0.0, 7.2335304851192355, 7.2335304851192355, 7.2335304851192355, 7.2335304851192355, 7.2335304851192355, 6.490757721495388, 5.747984957871541, 5.005212194247694, 4.2624394306238464, 3.519666666999999, 3.519666667], "revenue": [107520000.0, 115297491.9776002, 123637571.20837781, 132580932.61279681, 142171214.79079884, 152455212.95375562, 162350711.46037376, 171682605.93411347, 180275684.66172993, 187959826.52857864, 194575385.89025608, 201423790.88962206], "netMargin": [-53.00967261904762, -41.42364511065706, -29.8376176022665, -18.25159009387594, -6.665562585485379, 4.920464922905183, 4.920464922905183, 4.920464922905183, 4.920464922905183, 4.920464922905183, 4.920464922905183, 4.920464922905183], "netIncome": [-56996000.0, -47760423.898289405, -36890505.70988572, -24198128.36312556, -9476511.300425544, 7501505.2765299445, 7988409.809494697, 8447582.403717587, 8870401.828307582, 9248497.333492143, 9574013.611337453, 9910986.97710974], "netGrowth": [0.0, 16.20390220666467, 22.75925819157775, 34.40553904729727, 60.83783357862348, 179.15893348001484, 6.490757721495398, 5.747984957871546, 5.005212194247696, 4.2624394306238464, 3.5196666670000356, 3.519666666999991], "bvEquity": [0.0, -230645000.0, -278405423.8982894, -315295929.6081751, -339494057.97130066, -348970569.2717262, -341469063.9951962, -334560499.4113975, -328396746.14135444, -323123553.75500035, -318875774.1756541, -315772668.5018783], "costOfEquity": [0.0, 9.898115966999999, 9.898115966999999, 9.898115966999999, 9.898115966999999, 9.898115966999999, 9.898115966999999, 9.898115966999999, 9.898115966999999, 9.898115966999999, 9.898115966999999, 9.898115966999999], "returnOnEquity": [0.2471156972837044, 0.20707331135853543, 0.1325064188525401, 0.07674735412283021, 0.02791362934907876, -0.02149609719864053, -0.023394241680432512, -0.02524979015328969, -0.0270112354416856, -0.028622170145184044, -0.030024273985967857, -0.03138646236905328], "dividendpayout": [-0.0, 0.0, 0.0, 0.0, 0.0, 0.0, 13.517649337575387, 27.035298675150774, 40.55294801272616, 54.07059735030155, 67.58824668787693, 67.58824668787693], "dividendPaid": [0.0, -0.0, -0.0, -0.0, -0.0, 0.0, 1079845.2256959672, 2283829.133674531, 3597209.441953485, 5000717.754145913, 6470907.937561672, 6698662.327292288], "retainedEarning": [0.0, -47760423.898289405, -36890505.70988572, -24198128.36312556, -9476511.300425544, 7501505.2765299445, 6908564.583798729, 6163753.270043056, 5273192.386354097, 4247779.57934623, 3103105.673775781, 3212324.649817452], "equityCost": [0.0, -22829509.572087146, -27556891.71587061, -31208356.751847856, -33603515.559073545, -34541511.63721552, -33799003.94567396, -33115186.211514473, -32505090.764925856, -31983144.067361515, -31562693.91857528, -31255544.920406394], "excessEquity": [0.0, -24930914.32620226, -9333613.994015105, 7010228.388722297, 24127004.258648, 42043016.91374546, 41787413.755168654, 41562768.61523206, 41375492.59323344, 41231641.400853656, 41136707.52991273, 41166531.89751613], "cumulatedDiscount": [0.0, 1.09898115967, 1.2077595893096182, 1.3273050340620474, 1.4586832255693378, 1.6030653828273673, 1.7617386534464528, 1.936117588400047, 2.1277567525573677, 2.3383645834211695, 2.5698186216194534, 2.824182248928908], "presentValue": [0.0, -22685479.27945231, -7728039.650134678, 5281550.366209634, 16540263.050760046, 26226638.890793785, 23719416.99378668, 21467068.355893794, 19445593.366583798, 17632682.98416035, 16007630.726867843, 14576443.114862308], "Price Target USD": [0.06496435419192086, 0.07139460130704982, 0.07846132173859892, 0.08622751435352642, 0.09476241371970004, 0.10414210732280428, 0.11445021387609305, 0.1257786287700283, 0.13822834330738815, 0.15191034502721631, 0.16694660714388002, 0.1834711759219532], "Price Target Local": [0.06496435419192086, 0.07139460130704982, 0.07846132173859892, 0.08622751435352642, 0.09476241371970004, 0.10414210732280428, 0.11445021387609305, 0.1257786287700283, 0.13822834330738815, 0.15191034502721631, 0.16694660714388002, 0.1834711759219532], "Equity Invested": -230645000.0, "PV of Equity Excess Return": 115907325.80546893, "Terminal  Value of Excess Equity Return": 251146252.0872459, "Value of Equity": 136408577.89271486, "Number of shares": 2099745000, "Estimated Value/Share": 0.06496435419192086, "Estimated Value/Share (Local Currency)": 0.06496435419192086, "Current price": 0, "Valuation": Infinity}, "2009Q4": {"Date": ["2008", "2009", "2011", "2012", "2013", "2014", "2015", "2016", "2017", "2018", "2019", "Terminal"], "revenueGrowth": [0.0, 7.2335304851192355, 7.2335304851192355, 7.2335304851192355, 7.2335304851192355, 7.2335304851192355, 6.473157721495388, 5.712784957871541, 4.952412194247694, 4.192039430623847, 3.431666667, 3.431666667], "revenue": [111943000.0, 120040431.03095703, 128723592.20404983, 138034852.48767033, 148019645.62245533, 158726691.8125211, 169001320.9196575, 178656002.9597599, 187503784.63609454, 195364017.22195166, 202068259.08026955, 209002568.17171437], "netMargin": [-49.793198324147106, -38.85046567473665, -27.907733025326188, -16.96500037591573, -6.022267726505271, 4.920464922905183, 4.920464922905183, 4.920464922905183, 4.920464922905183, 4.920464922905183, 4.920464922905183, 4.920464922905183], "netIncome": [-55740000.0, -46636266.45348787, -35923836.45291582, -23417613.243427992, -8914139.3472086, 7810091.193922915, 8315650.715098167, 8790705.958299432, 9226057.95213871, 9612817.939384574, 9942697.808369832, 10283898.054860199], "netGrowth": [0.0, 16.332496495357244, 22.970170674481352, 34.81316152265451, 61.93403975654821, 187.61464107433534, 6.473157721495386, 5.712784957871539, 4.952412194247684, 4.192039430623864, 3.431666667000014, 3.431666666999997], "bvEquity": [0.0, -253523000.0, -300159266.4534879, -336083102.90640366, -359500716.14983165, -368414855.4970403, -360604764.30311733, -353426671.6090829, -347041054.1799396, -341601293.8679357, -337248503.56877786, -334106473.57969725], "costOfEquity": [0.0, 9.124131797, 9.124131797, 9.124131797, 9.124131797, 9.124131797, 9.124131797, 9.124131797, 9.124131797, 9.124131797, 9.124131797, 9.124131797], "returnOnEquity": [0.2198617087995961, 0.18395280291526953, 0.11968258344102299, 0.06967804403409594, 0.024795887592873087, -0.021199175541893038, -0.023060290762293403, -0.02487278596795499, -0.026584917954274742, -0.028140461151475976, -0.02948181445775381, -0.030780301694474932], "dividendpayout": [-0.0, 0.0, 0.0, 0.0, 0.0, 0.0, 13.679723452048147, 27.359446904096295, 41.03917035614444, 54.71889380819259, 68.39861726024074, 68.39861726024074], "dividendPaid": [0.0, -0.0, -0.0, -0.0, -0.0, 0.0, 1137558.0210636936, 2405088.5291561624, 3786297.6401348165, 5260027.640226732, 6800667.819289226, 7034044.069977171], "retainedEarning": [0.0, -46636266.45348787, -35923836.45291582, -23417613.243427992, -8914139.3472086, 7810091.193922915, 7178092.694034473, 6385617.42914327, 5439760.312003894, 4352790.299157842, 3142029.989080606, 3249853.984883028], "equityCost": [0.0, -23131772.65570831, -27386927.07212464, -30664665.256627407, -32801319.152669504, -33614656.97527705, -32902053.961277634, -32247115.323363103, -31664483.17307587, -31168152.272767734, -30770997.94902554, -30484314.99172056], "excessEquity": [0.0, -23504493.797779564, -8536909.380791176, 7247052.013199415, 23887179.805460904, 41424748.169199966, 41217704.6763758, 41037821.28166254, 40890541.12521458, 40780970.21215231, 40713695.75739537, 40768213.04658076], "cumulatedDiscount": [0.0, 1.09124131797, 1.1908076140449027, 1.2994584701990706, 1.4180227736673137, 1.5474050404481945, 1.688592315772109, 1.8426617041771707, 2.010788586639142, 2.1942555874431307, 2.3944623592044785, 2.612936260687851], "presentValue": [0.0, -21539226.393575523, -7169008.058147391, 5576978.5486789765, 16845413.380550645, 26770462.216667973, 24409506.244572125, 22270947.0700091, 20335574.508884374, 18585332.741329636, 17003272.405134756, 15602452.176100386], "Price Target USD": [0.14420572862708864, 0.15736324936584836, 0.17172127963803013, 0.18738935551569894, 0.2044870072865002, 0.2231446713390615, 0.24350468525001995, 0.2657223736641018, 0.2899672332513313, 0.31642422578129714, 0.34529518917921953, 0.37680037732863203], "Price Target Local": [0.14420572862708864, 0.15736324936584836, 0.17172127963803013, 0.18738935551569894, 0.2044870072865002, 0.2231446713390615, 0.24350468525001995, 0.2657223736641018, 0.2899672332513313, 0.31642422578129714, 0.34529518917921953, 0.37680037732863203], "Equity Invested": -253523000.0, "PV of Equity Excess Return": 123089252.66410467, "Terminal  Value of Excess Equity Return": 299097844.0339024, "Value of Equity": 168664096.69800708, "Number of shares": 1169607465, "Estimated Value/Share": 0.14420572862708864, "Estimated Value/Share (Local Currency)": 0.14420572862708864, "Current price": 0, "Valuation": Infinity}, "2013Q3": {"Date": ["2012", "2013", "2014", "2015", "2016", "2017", "2018", "2019", "2020", "2021", "2022", "Terminal"], "revenueGrowth": [0.0, 35.229483692484536, 25.897499290029437, 16.565514887574338, 7.233530485119237, 7.2335304851192355, 6.327857721495389, 5.422184957871542, 4.516512194247695, 3.610839430623848, 2.705166667000001, 2.705166667], "revenue": [1704609000.0, 2305133949.6756234, 2902105997.9270954, 3382854799.0668964, 3627554632.2247195, 3889954902.4110494, 4136105714.0659556, 4360373015.935705, 4557309794.915127, 4721866933.965606, 4849601304.3233385, 4980791102.290291], "netMargin": [-8.663687684389792, -5.946857162930797, -3.2300266414718024, -0.5131961200128075, 2.2036344014461875, 4.920464922905183, 4.920464922905183, 4.920464922905183, 4.920464922905183, 4.920464922905183, 4.920464922905183, 4.920464922905183], "netIncome": [-147682000.0, -137083023.40143442, -93738796.8967963, -17360679.574478365, 79938041.80695865, 191403866.48996624, 203515630.83489233, 214550624.75693923, 224240829.886921, 232337806.1920361, 238622931.07998213, 245078079.0713762], "netGrowth": [0.0, 7.176891292483566, 31.618960122953176, 81.4797286190989, 560.4545661016299, 139.44027419658966, 6.327857721495407, 5.422184957871537, 4.516512194247686, 3.6108394306238543, 2.7051666670000074, 2.705166667000005], "bvEquity": [0.0, 564165000.0, 427081976.5985656, 333343179.7017693, 315982500.1272909, 395920541.9342495, 587324408.4242158, 760276558.8622775, 910385805.9521976, 1033598815.3178816, 1126368924.3092275, 1185812810.3601313], "costOfEquity": [0.0, 8.477310808003612, 8.477310808003612, 8.477310808003612, 8.477310808003612, 8.477310808003612, 8.477310808003612, 8.477310808003612, 8.477310808003612, 8.477310808003612, 8.477310808003612, 8.477310808003612], "returnOnEquity": [-0.2617709358077867, -0.24298392030954494, -0.21948666071878234, -0.05208050031205189, 0.2529824967355986, 0.4834401002657565, 0.34651314999988214, 0.2822007626777358, 0.24631406643294634, 0.22478528685288884, 0.21185148660446515, 0.20667518256692302], "dividendpayout": [-0.0, 0.0, 0.0, 0.0, 0.0, 0.0, 15.01775577209894, 30.03551154419788, 45.053267316296825, 60.07102308839576, 75.0887788604947, 75.0887788604947], "dividendPaid": [0.0, -0.0, -0.0, -0.0, 0.0, 0.0, 30563480.39683061, 64441377.66701916, 101027820.52123694, 139567697.20069018, 179179045.02907845, 184026136.829454], "retainedEarning": [0.0, -137083023.40143442, -93738796.8967963, -17360679.574478365, 79938041.80695865, 191403866.48996624, 172952150.4380617, 150109247.08992007, 123213009.36568405, 92770108.99134591, 59443886.05090368, 61051942.2419222], "equityCost": [0.0, 47826020.519973576, 36205066.56122565, 28258537.40060099, 26786818.63469086, 33563414.892498605, 49789315.55338932, 64451006.89514979, 77176234.32251643, 87621384.08234006, 95485794.55846016, 100525037.53535078], "excessEquity": [0.0, -184909043.921408, -129943863.45802195, -45619216.97507936, 53151223.17226779, 157840451.59746763, 153726315.28150302, 150099617.86178944, 147064595.56440455, 144716422.10969603, 143137136.521522, 144553041.5360254], "cumulatedDiscount": [0.0, 1.084773108080036, 1.1767326960136215, 1.2764879840340964, 1.3846998378674862, 1.502085146881435, 1.6294215733834316, 1.7675527045318076, 1.9173936409902426, 2.079937059349882, 2.256259788481822, 2.4475299433874307], "presentValue": [0.0, -170458727.76905635, -110427681.578177, -35738070.03721926, 38384653.27917102, 105080894.99797614, 94344102.09894067, 84919458.11683623, 76700262.49197984, 69577308.34169063, 63440006.88760898, 59060785.72258899], "Price Target USD": [1.0339144447423794, 1.1215625857120355, 1.2166409320091265, 1.319779365232932, 1.4316611640036245, 1.553027530593694, 1.6846825012959847, 1.8274982730588947, 1.9824209816769955, 2.1504769698168307, 2.3327795864027414, 2.5305365624077627], "Price Target Local": [1.0339144447423794, 1.1215625857120355, 1.2166409320091265, 1.319779365232932, 1.4316611640036245, 1.553027530593694, 1.6846825012959847, 1.8274982730588947, 1.9824209816769955, 2.1504769698168307, 2.3327795864027414, 2.5305365624077627], "Equity Invested": 564165000.0, "PV of Equity Excess Return": 215822206.82975087, "Terminal  Value of Excess Equity Return": 1109943731.980372, "Value of Equity": 1889930938.810123, "Number of shares": 1827937455, "Estimated Value/Share": 1.0339144447423794, "Estimated Value/Share (Local Currency)": 1.0339144447423794, "Current price": 9.2, "Valuation": 88.76179951366979}, "2013Q1": {"Date": ["2012", "2013", "2014", "2015", "2016", "2017", "2018", "2019", "2020", "2021", "2022", "Terminal"], "revenueGrowth": [0.0, 35.229483692484536, 25.897499290029437, 16.565514887574338, 7.233530485119237, 7.2335304851192355, 6.175357721495388, 5.11718495787154, 4.059012194247693, 3.0008394306238455, 1.9426666669999983, 1.942666667], "revenue": [944881000.0, 1277757697.8083847, 1608664988.5266073, 1875148626.6921785, 2010788074.245252, 2156239042.586924, 2289394516.7972136, 2406547068.6370964, 2504229107.6133866, 2579377002.1078086, 2629485699.344021, 2680567841.538709], "netMargin": [-31.230493575381452, -24.000301875724126, -16.7701101760668, -9.539918476409474, -2.3097267767521465, 4.920464922905183, 4.920464922905183, 4.920464922905183, 4.920464922905183, 4.920464922905183, 4.920464922905183, 4.920464922905183], "netIncome": [-295091000.0, -306665704.7143151, -269774890.93972445, -178887650.29794565, -46443710.574581414, 106096985.74447617, 112648854.14592151, 118413304.36549126, 123219714.8292982, 126917340.61819802, 129382921.4890306, 131896400.3775888], "netGrowth": [0.0, -3.922418750255045, 12.029650921989326, 33.69002961142357, 74.03749755937469, 328.44209567213807, 6.175357721495364, 5.117184957871537, 4.059012194247707, 3.000839430623834, 1.9426666669999944, 1.9426666670000128], "bvEquity": [0.0, 168583000.0, -138082704.71431512, -407857595.65403956, -586745245.9519852, -633188956.5265666, -527091970.7820904, -432942414.13102823, -353420991.2926933, -290907038.0747691, -247359622.8465292, -224213607.7835131], "costOfEquity": [0.0, 7.946366700004179, 7.946366700004179, 7.946366700004179, 7.946366700004179, 7.946366700004179, 7.946366700004179, 7.946366700004179, 7.946366700004179, 7.946366700004179, 7.946366700004179, 7.946366700004179], "returnOnEquity": [-1.75041967458166, -1.8190784641056044, 1.953719631273682, 0.438603209071249, 0.07915481360096442, -0.1675597539263537, -0.21371764396026557, -0.2735082091764148, -0.3486485462524525, -0.43628143704648925, -0.5230559458335867, -0.5882622454607656], "dividendpayout": [-0.0, 0.0, 0.0, 0.0, 0.0, 0.0, 16.422091138979503, 32.84418227795901, 49.26627341693851, 65.68836455591801, 82.11045569489752, 82.11045569489751], "dividendPaid": [0.0, -0.0, -0.0, -0.0, -0.0, 0.0, 18499297.49485932, 38891881.52715634, 60705761.611373976, 83369925.38995813, 106236906.42601451, 108300735.39520468], "retainedEarning": [0.0, -306665704.7143151, -269774890.93972445, -178887650.29794565, -46443710.574581414, 106096985.74447617, 94149556.65106219, 79521422.83833492, 62513953.21792422, 43547415.228239894, 23146015.063016087, 23595664.982384115], "equityCost": [0.0, 13396223.373868044, -10972558.065883437, -32409860.16449029, -46624928.838186175, -50315516.389531024, -41884660.84462379, -34403191.826702215, -28084127.96290725, -23116540.001541927, -19656102.699132524, -17816835.46578706], "excessEquity": [0.0, -320061928.08818316, -258802332.87384102, -146477790.13345537, 181218.26360476017, 156412502.1340072, 154533514.9905453, 152816496.19219348, 151303842.79220545, 150033880.61973995, 149039024.18816313, 149713235.84337586], "cumulatedDiscount": [0.0, 1.0794636670000417, 1.165241808373177, 1.2578361954082695, 1.3577884719807916, 1.4656833229747686, 1.5821518944791502, 1.7078754857655265, 1.8435895346439328, 1.9900879195096401, 2.14822760324636, 2.3189336461510264], "presentValue": [0.0, -296500880.8287855, -222101825.5731498, -116452198.36110018, 133465.75504532922, 106716437.09266643, 97672995.57633072, 89477539.47278893, 82070243.91762345, 75390579.05376786, 69377669.27626209, 64561241.79830258], "Price Target USD": [0.651925899249517, 0.7037303218161834, 0.7596513137668168, 0.8200159928001274, 0.8851774705867053, 0.9555169183453465, 1.0314457965576471, 1.1134082618638967, 1.2018837652197447, 1.2973898565119228, 1.400485212039018, 1.5117729025669695], "Price Target Local": [0.651925899249517, 0.7037303218161834, 0.7596513137668168, 0.8200159928001274, 0.8851774705867053, 0.9555169183453465, 1.0314457965576471, 1.1134082618638967, 1.2018837652197447, 1.2973898565119228, 1.400485212039018, 1.5117729025669695], "Equity Invested": 168583000.0, "PV of Equity Excess Return": -114215974.61855061, "Terminal  Value of Excess Equity Return": 1160809408.1076078, "Value of Equity": 1215176433.4890573, "Number of shares": 1863979380, "Estimated Value/Share": 0.651925899249517, "Estimated Value/Share (Local Currency)": 0.651925899249517, "Current price": 5.12, "Valuation": 87.26707228028287}, "2013Q2": {"Date": ["2012", "2013", "2014", "2015", "2016", "2017", "2018", "2019", "2020", "2021", "2022", "Terminal"], "revenueGrowth": [0.0, 35.229483692484536, 25.897499290029437, 16.565514887574338, 7.233530485119237, 7.2335304851192355, 6.187057721495388, 5.140584957871541, 4.0941121942476935, 3.047639430623846, 2.001166666999999, 2.001166667], "revenue": [1323367000.0, 1789582361.4567218, 2253039440.8094683, 2626267024.7996826, 2816238850.6592016, 3019952346.4554067, 3206798541.2922573, 3371646744.735171, 3509685745.258329, 3616648311.9218063, 3689023472.402604, 3762846980.4701314], "netMargin": [-16.623506555626673, -12.314712259920302, -8.005917964213932, -3.697123668507561, 0.6116706271988104, 4.920464922905183, 4.920464922905183, 4.920464922905183, 4.920464922905183, 4.920464922905183, 4.920464922905183, 4.920464922905183], "netIncome": [-219990000.0, -220381918.46768215, -180376489.33259034, -97096339.7720784, 17226105.841243707, 148595695.8957903, 157789397.37252063, 165900695.39896855, 172692855.99963945, 177955911.57295492, 181517105.95730892, 185149565.7766297], "netGrowth": [0.0, -0.17815285589442836, 18.152772883206566, 46.170179865821865, 117.74125150513383, 762.619197079436, 6.1870577214954, 5.140584957871525, 4.0941121942477, 3.047639430623847, 2.0011666670000148, 2.001166667000017], "bvEquity": [0.0, 629426000.0, 409044081.5323179, 228667592.19972754, 131571252.42764914, 148797358.26889285, 297393054.16468316, 429440139.05734444, 541209598.6102984, 629381310.5494131, 691207830.423531, 724658268.41071], "costOfEquity": [0.0, 7.841838434654802, 7.841838434654802, 7.841838434654802, 7.841838434654802, 7.841838434654802, 7.841838434654802, 7.841838434654802, 7.841838434654802, 7.841838434654802, 7.841838434654802, 7.841838434654802], "returnOnEquity": [-0.3495089176487784, -0.3501315777671754, -0.4409707840213283, -0.42461784303597566, 0.13092606115242628, 0.9986447180551544, 0.5305752611328435, 0.38631855830508505, 0.31908683150312733, 0.28274737204638284, 0.26260857873396204, 0.25549914193719464], "dividendpayout": [-0.0, 0.0, 0.0, 0.0, 0.0, 0.0, 16.314348687881115, 32.62869737576223, 48.943046063643344, 65.25739475152446, 81.57174343940557, 81.57174343940558], "dividendPaid": [0.0, -0.0, -0.0, -0.0, 0.0, 0.0, 25742312.479859337, 54131235.84601454, 84521144.0605248, 116129391.69883698, 148066667.97013, 151029728.77448583], "retainedEarning": [0.0, -220381918.46768215, -180376489.33259034, -97096339.7720784, 17226105.841243707, 148595695.8957903, 132047084.89266129, 111769459.55295402, 88171711.93911465, 61826519.87411794, 33450437.98717892, 34119837.00214386], "equityCost": [0.0, 49358569.98571034, 32076576.000282027, 17931743.13271794, 10317605.04182808, 11668448.430481045, 23321082.8234799, 33676001.87843386, 42440782.31586336, 49355065.51119798, 54203401.309496045, 56826530.612135015], "excessEquity": [0.0, -269740488.4533925, -212453065.33287236, -115028082.90479633, 6908500.7994156275, 136927247.46530926, 134468314.54904073, 132224693.5205347, 130252073.68377608, 128600846.06175694, 127313704.64781287, 128323035.16449466], "cumulatedDiscount": [0.0, 1.078418384346548, 1.162986211696619, 1.2541857114351802, 1.352536928596453, 1.4586006893060293, 1.5729817987681693, 1.6963324900340961, 1.8293561432171268, 1.9728112963626463, 2.127515970844024, 2.29435233594909], "presentValue": [0.0, -250126010.80316138, -182678920.17647898, -91715351.12863651, 5107809.371670671, 93875759.4653656, 85486249.52580209, 77947391.97495238, 71201047.51976468, 65186592.503228076, 59841480.10757598, 55929960.3438685], "Price Target USD": [0.9003531015364545, 0.9709573371003468, 1.0470982427451827, 1.1292099951933694, 1.2177608186044067, 1.313255654519894, 1.4162390411813124, 1.5272982186392552, 1.6470664773603065, 1.776226769426262, 1.9155156029177578, 2.065727241689172], "Price Target Local": [0.9003531015364545, 0.9709573371003468, 1.0470982427451827, 1.1292099951933694, 1.2177608186044067, 1.313255654519894, 1.4162390411813124, 1.5272982186392552, 1.6470664773603065, 1.776226769426262, 1.9155156029177578, 2.065727241689172], "Equity Invested": 629426000.0, "PV of Equity Excess Return": -65873951.6399174, "Terminal  Value of Excess Equity Return": 1032687674.808676, "Value of Equity": 1596239723.1687586, "Number of shares": 1772904120, "Estimated Value/Share": 0.9003531015364545, "Estimated Value/Share (Local Currency)": 0.9003531015364545, "Current price": 10.2, "Valuation": 91.17300880846612}, "2013Q4": {"Date": ["2012", "2013", "2015", "2016", "2017", "2018", "2019", "2020", "2021", "2022", "2023", "Terminal"], "revenueGrowth": [0.0, 57.953755243315214, 41.04701365724989, 24.140272071184565, 7.233530485119239, 7.2335304851192355, 6.3346243880953885, 5.435718291071542, 4.536812194047695, 3.6379060970238477, 2.7390000000000008, 2.739], "revenue": [2013496000.0, 3180392543.6739426, 4485848705.429943, 5568744787.622442, 5971561639.473599, 6403516371.102608, 6809155080.842154, 7179281569.038918, 7504992090.708094, 7778016655.557121, 7991056531.752831, 8209931570.157541], "netMargin": [-3.675895060134214, -1.9566230635263349, -0.23735106691845553, 1.4819209296894238, 3.201192926297303, 4.920464922905183, 4.920464922905183, 4.920464922905183, 4.920464922905183, 4.920464922905183, 4.920464922905183, 4.920464922905183], "netIncome": [-74014000.0, -62228294.02019622, -10647209.762685696, 82524394.52876583, 191161208.79231215, 315082776.8725947, 335042087.29905427, 353254031.32115686, 369280503.29010016, 382714581.23441106, 393197133.6144216, 403966803.1041206], "netGrowth": [0.0, 15.923617126224467, 82.89008250936442, 875.0800103326746, 131.64206157935322, 64.82568762939643, 6.334624388095385, 5.435718291071547, 4.536812194047692, 3.6379060970238477, 2.7390000000000065, 2.7389999999999994], "bvEquity": [0.0, 667121000.0, 604892705.9798038, 594245496.2171181, 676769890.745884, 867931099.5381961, 1183013876.410791, 1467948934.6911793, 1715541554.092044, 1919139449.771102, 2072907383.9454696, 2172082647.906119], "costOfEquity": [0.0, 8.24704290959803, 8.24704290959803, 8.24704290959803, 8.24704290959803, 8.24704290959803, 8.24704290959803, 8.24704290959803, 8.24704290959803, 8.24704290959803, 8.24704290959803, 8.24704290959803], "returnOnEquity": [-0.11094539071622689, -0.09327887147938113, -0.01760181542516597, 0.13887256202041803, 0.2824611605897965, 0.36302740740623557, 0.28321061483704346, 0.24064463209374032, 0.21525593618485275, 0.1994198917020115, 0.18968388875436856, 0.18598132234680084], "dividendpayout": [-0.0, 0.0, 0.0, 0.0, 0.0, 0.0, 14.955443187034888, 29.910886374069776, 44.86632956110466, 59.82177274813955, 74.77721593517444, 74.77721593517444], "dividendPaid": [0.0, -0.0, -0.0, 0.0, 0.0, 0.0, 50107029.018665895, 105661411.9202921, 165682607.6110423, 228946647.06004333, 294021869.6537724, 302075128.66358924], "retainedEarning": [0.0, -62228294.02019622, -10647209.762685696, 82524394.52876583, 191161208.79231215, 315082776.8725947, 284935058.28038836, 247592619.40086478, 203597895.67905787, 153767934.17436773, 99175263.96064919, 101891674.44053137], "equityCost": [0.0, 55017755.128939465, 49885761.01918306, 49007681.06137946, 55813503.28905275, 71578650.20466101, 97563662.01409693, 121062378.5349687, 141481448.09795576, 158272253.9176463, 170953561.43020883, 179132588.0047507], "excessEquity": [0.0, -117246049.14913568, -60532970.781868756, 33516713.467386365, 135347705.5032594, 243504126.6679337, 237478425.28495735, 232191652.78618816, 227799055.1921444, 224442327.31676477, 222243572.18421277, 224834215.0993699], "cumulatedDiscount": [0.0, 1.0824704290959803, 1.1717422298672358, 1.2683763143542675, 1.3729798532542419, 1.4862100908922553, 1.6087784748149156, 1.7414551259532784, 1.8850736774420398, 2.0405365124982224, 2.208820434269966, 2.39098280328018], "presentValue": [0.0, -108313396.83528641, -51660654.74035825, 26424897.002629522, 98579527.72027773, 163842331.6865952, 147614124.00938445, 133331975.84352663, 120843581.82819542, 109991821.24017999, 100616405.36102074, 94034225.08556764], "Price Target USD": [1.767833934230196, 1.9136279573565955, 2.0714456761298585, 2.242278689889301, 2.4272003755972444, 2.6273726320746738, 2.8440531804369074, 3.078603466599327, 3.332497215506146, 3.6073296908300976, 3.904827718323526, 4.2268605357995455], "Price Target Local": [1.767833934230196, 1.9136279573565955, 2.0714456761298585, 2.242278689889301, 2.4272003755972444, 2.6273726320746738, 2.8440531804369074, 3.078603466599327, 3.332497215506146, 3.6073296908300976, 3.904827718323526, 4.2268605357995455], "Equity Invested": 667121000.0, "PV of Equity Excess Return": 741270613.1161652, "Terminal  Value of Excess Equity Return": 1848011528.753883, "Value of Equity": 3256403141.870048, "Number of shares": 1842030000, "Estimated Value/Share": 1.767833934230196, "Estimated Value/Share (Local Currency)": 1.767833934230196, "Current price": 16.87, "Valuation": 89.52084212074573}, "2010Q3": {"Date": ["2009", "2010", "2011", "2012", "2013", "2014", "2015", "2016", "2017", "2018", "2019", "Terminal"], "revenueGrowth": [0.0, 7.2335304851192355, 7.2335304851192355, 7.2335304851192355, 7.2335304851192355, 7.2335304851192355, 6.342357721495389, 5.451184957871542, 4.560012194247695, 3.668839430623848, 2.777666667000001, 2.777666667], "revenue": [99043000.0, 106207305.59837665, 113889843.42625897, 122128099.96995197, 130962273.31217533, 140435469.27621672, 149342389.1055751, 157483318.9562242, 164664577.504534, 170705856.4522905, 175447496.12558267, 180320842.74354908], "netMargin": [-128.44219177528953, -101.7696604356506, -75.09712909601166, -48.42459775637271, -21.75206641673377, 4.920464922905183, 4.920464922905183, 4.920464922905183, 4.920464922905183, 4.920464922905183, 4.920464922905183, 4.920464922905183], "netIncome": [-127213000.0, -108086814.26532163, -85528002.74506325, -59140041.157949984, -28487000.67172878, 6910078.0050535295, 7348339.870968396, 7748911.468667902, 8102262.776560616, 8399521.78807983, 8632832.504974727, 8872623.81588335], "netGrowth": [0.0, 15.034772967132584, 20.87101157860299, 30.853008067742348, 51.83128027312951, 124.2569517397852, 6.342357721495379, 5.451184957871541, 4.560012194247685, 3.6688394306238434, 2.7776666670000107, 2.7776666669999877], "bvEquity": [0.0, 219923000.0, 111836185.73467837, 26308182.989615127, -32831858.168334857, -61318858.84006363, -54408780.835010104, -48154184.683643214, -42712004.64041949, -38227619.85345834, -34828914.23049018, -32620734.436525356], "costOfEquity": [0.0, 8.213253311256103, 8.213253311256103, 8.213253311256103, 8.213253311256103, 8.213253311256103, 8.213253311256103, 8.213253311256103, 8.213253311256103, 8.213253311256103, 8.213253311256103, 8.213253311256103], "returnOnEquity": [-0.578443364268403, -0.49147571770720494, -0.7647614426691106, -2.2479713320108377, 0.8676633690871467, -0.11269091003596307, -0.135057977006535, -0.16091875544307607, -0.18969521203163647, -0.21972390173069983, -0.24786395716629347, -0.27199337995127093], "dividendpayout": [-0.0, 0.0, 0.0, 0.0, 0.0, 0.0, 14.884228802789016, 29.768457605578032, 44.652686408367046, 59.536915211156064, 74.42114401394508, 74.42114401394508], "dividendPaid": [0.0, -0.0, -0.0, -0.0, -0.0, 0.0, 1093743.719601507, 2306731.4254441783, 3617877.9895994645, 5000816.1651116675, 6424652.711009904, 6603108.147834137], "retainedEarning": [0.0, -108086814.26532163, -85528002.74506325, -59140041.157949984, -28487000.67172878, 6910078.0050535295, 6254596.151366889, 5442180.043223724, 4484384.786961151, 3398705.6229681624, 2208179.793964823, 2269515.6680492125], "equityCost": [0.0, 18062833.07971376, 9185389.228035998, 2160757.7105258796, -2696563.67815767, -5036273.204105983, -4468730.993545543, -3955025.168037706, -3508045.1354331146, -3139731.2534285625, -2860586.951310283, -2679223.5512639787], "excessEquity": [0.0, -126149647.34503539, -94713391.97309925, -61300798.86847586, -25790436.99357111, 11946351.209159512, 11817070.86451394, 11703936.636705607, 11610307.91199373, 11539253.041508391, 11493419.45628501, 11551847.367147328], "cumulatedDiscount": [0.0, 1.082132533112561, 1.1710108192206081, 1.267188904105412, 1.3712663387317199, 1.4838919167037432, 1.6057677186878752, 1.7376534890140887, 1.8803713717386956, 2.034811035691936, 2.201935220458709, 2.382785737864748], "presentValue": [0.0, -116575043.70762095, -80881739.449801, -48375422.69339229, -18807751.83136531, 8050688.243990606, 7359140.881328746, 6735483.6339356685, 6174476.003247271, 5670921.200594176, 5219690.093285619, 4848042.853193808], "Price Target USD": [0.06575556548162274, 0.07115623664087731, 0.0770004786029494, 0.08332472296148918, 0.09016839352921867, 0.09757415209646365, 0.10558816437445652, 0.11426038778123611, 0.12364488286413255, 0.13380015030016965, 0.144789495575164, 0.15668142361484216], "Price Target Local": [0.06575556548162274, 0.07115623664087731, 0.0770004786029494, 0.08332472296148918, 0.09016839352921867, 0.09757415209646365, 0.10558816437445652, 0.11426038778123611, 0.12364488286413255, 0.13380015030016965, 0.144789495575164, 0.15668142361484216], "Equity Invested": 219923000.0, "PV of Equity Excess Return": -225429557.62579748, "Terminal  Value of Excess Equity Return": 96516259.17707811, "Value of Equity": 91009701.55128063, "Number of shares": 1384060815, "Estimated Value/Share": 0.06575556548162274, "Estimated Value/Share (Local Currency)": 0.06575556548162274, "Current price": 1.99, "Valuation": 96.69570022705413}, "2010Q1": {"Date": ["2009", "2010", "2011", "2012", "2013", "2014", "2015", "2016", "2017", "2018", "2019", "Terminal"], "revenueGrowth": [0.0, 7.2335304851192355, 7.2335304851192355, 7.2335304851192355, 7.2335304851192355, 7.2335304851192355, 6.5309243880953884, 5.828318291071541, 5.125712194047694, 4.423106097023847, 3.7205000000000004, 3.7205], "revenue": [111869000.0, 119961078.21839803, 128638499.38160358, 137943604.4499718, 147921797.1301328, 158621765.41967717, 168981232.98229834, 178829997.09268385, 187996308.06027868, 196311584.2242726, 203615356.71533665, 211190866.06193075], "netMargin": [-61.896503946580374, -48.533110172683266, -35.16971639878615, -21.806322624889038, -8.442928850991926, 4.920464922905183, 4.920464922905183, 4.920464922905183, 4.920464922905183, 4.920464922905183, 4.920464922905183, 4.920464922905183], "netIncome": [-69243000.0, -58220842.25607386, -45241795.412164256, -30080427.426761642, -12488932.08680573, 7804928.327568159, 8314662.295186675, 8799267.278577868, 9250292.394462783, 9659442.6413548, 10018822.204826403, 10391572.48495697], "netGrowth": [0.0, 15.918082324460434, 22.292784406696853, 33.511861868607774, 58.48153382390202, 162.49476154821826, 6.530924388095405, 5.828318291071528, 5.125712194047701, 4.423106097023845, 3.720499999999988, 3.720500000000007], "bvEquity": [0.0, 44179000.0, -14041842.256073862, -59283637.66823812, -89364065.09499976, -101852997.18180549, -94048068.85423733, -86826598.75873828, -80341145.32139759, -74739472.84610236, -70160033.20377354, -66727466.63720307], "costOfEquity": [0.0, 9.06395564, 9.06395564, 9.06395564, 9.06395564, 9.06395564, 9.06395564, 9.06395564, 9.06395564, 9.06395564, 9.06395564, 9.06395564], "returnOnEquity": [-1.567328368681953, -1.3178397486605369, 3.2219273359658143, 0.5073984763738203, 0.13975340170043954, -0.0766293436965485, -0.08840864460570004, -0.10134299171418718, -0.11513767145660934, -0.12924151420287328, -0.14279956475686992, -0.15573156016031453], "dividendpayout": [-0.0, 0.0, 0.0, 0.0, 0.0, 0.0, 13.147764285273187, 26.295528570546374, 39.443292855819564, 52.59105714109275, 65.73882142636593, 65.73882142636593], "dividendPaid": [0.0, -0.0, -0.0, -0.0, -0.0, 0.0, 1093192.1996876295, 2313813.8412371813, 3648619.919167559, 5080002.999025981, 6586255.638255928, 6831297.27927724], "retainedEarning": [0.0, -58220842.25607386, -45241795.412164256, -30080427.426761642, -12488932.08680573, 7804928.327568159, 7221470.095499046, 6485453.437340686, 5601672.475295223, 4579439.642328818, 3432566.5665704757, 3560275.2056797305], "equityCost": [0.0, 4004364.9621956, -1272746.35312931, -5373442.620027433, -8099919.218311503, -9231910.4825693, -8524475.241224729, -7869924.395212828, -7282085.772599413, -6774352.664340563, -6359274.2865993045, -6048147.975691886], "excessEquity": [0.0, -62225207.21826946, -43969049.05903494, -24706984.806734208, -4389012.868494227, 17036838.81013746, 16839137.536411405, 16669191.673790697, 16532378.167062197, 16433795.305695362, 16378096.491425708, 16439720.460648857], "cumulatedDiscount": [0.0, 1.0906395564, 1.1894946419843888, 1.2973099086740305, 1.4148975033095692, 1.543143185361016, 1.6830129991438214, 1.835560550801651, 2.0019349448716524, 2.1833894402164775, 2.3812908905261434, 2.597130040502794], "presentValue": [0.0, -57053869.77129584, -36964478.449169844, -19044782.31572825, -3102000.5747610275, 11040348.667419165, 10005352.035294898, 9081254.043355148, 8258199.503142254, 7526735.727029069, 6877822.678692979, 6329956.607589119], "Price Target USD": [0.07876238309046615, 0.08590137055479287, 0.09368743267603132, 0.10217922001404166, 0.11144069918941239, 0.12154163472884658, 0.13255811458480007, 0.14457312328798672, 0.15767716705017235, 0.17196895552600866, 0.18755614536945742, 0.20455615118583895], "Price Target Local": [0.07876238309046615, 0.08590137055479287, 0.09368743267603132, 0.10217922001404166, 0.11144069918941239, 0.12154163472884658, 0.13255811458480007, 0.14457312328798672, 0.15767716705017235, 0.17196895552600866, 0.18755614536945742, 0.20455615118583895], "Equity Invested": 44179000.0, "PV of Equity Excess Return": -63375418.45602146, "Terminal  Value of Excess Equity Return": 129199183.66782297, "Value of Equity": 110002765.21180151, "Number of shares": 1396640895, "Estimated Value/Share": 0.07876238309046615, "Estimated Value/Share (Local Currency)": 0.07876238309046615, "Current price": 0, "Valuation": Infinity}, "2010Q2": {"Date": ["2009", "2010", "2011", "2012", "2013", "2014", "2015", "2016", "2017", "2018", "2019", "Terminal"], "revenueGrowth": [0.0, 7.2335304851192355, 7.2335304851192355, 7.2335304851192355, 7.2335304851192355, 7.2335304851192355, 6.4818577214953885, 5.730184957871542, 4.978512194247695, 4.226839430623848, 3.4751666670000008, 3.475166667], "revenue": [113329000.0, 121526687.76348078, 130317357.77040783, 139743903.57213217, 149852321.43811798, 160691934.7920031, 171107757.37513888, 180912548.3500004, 189919301.63052943, 197946885.5582141, 204825869.74349782, 211943910.0942167], "netMargin": [-85.49709253589107, -67.41358104413182, -49.330069552372564, -31.246558060613314, -13.163046568854064, 4.920464922905183, 4.920464922905183, 4.920464922905183, 4.920464922905183, 4.920464922905183, 4.920464922905183, 4.920464922905183], "netIncome": [-96893000.0, -81925492.14568314, -64285643.22695637, -43665159.96583377, -19725130.855408352, 7906790.285378183, 8419297.182013417, 8901738.48269565, 9344912.618556693, 9739907.069875192, 10078385.073764272, 10428625.752419632], "netGrowth": [0.0, 15.447460450514342, 21.53157516265987, 32.07634275093631, 54.82638590848522, 140.08485592991772, 6.481857721495393, 5.730184957871521, 4.978512194247697, 4.226839430623857, 3.475166667000011, 3.4751666670000056], "bvEquity": [0.0, -309775000.0, -391700492.14568317, -455986135.37263954, -499651295.3384733, -519376426.1938817, -511469635.90850353, -504195330.07817703, -497714794.54326177, -492182496.1723798, -487740945.5425486, -484515664.41496843], "costOfEquity": [0.0, 9.021721615908687, 9.021721615908687, 9.021721615908687, 9.021721615908687, 9.021721615908687, 9.021721615908687, 9.021721615908687, 9.021721615908687, 9.021721615908687, 9.021721615908687, 9.021721615908687], "returnOnEquity": [0.31278508594947946, 0.26446773350232633, 0.1641193833451885, 0.0957598413165564, 0.0394777938923308, -0.015223621802246762, -0.016460991212232077, -0.017655337032406484, -0.018775637616181864, -0.01978921872602298, -0.020663397579945588, -0.02152381546840543], "dividendpayout": [-0.0, 0.0, 0.0, 0.0, 0.0, 0.0, 13.599607270462162, 27.199214540924324, 40.79882181138649, 54.39842908184865, 67.9980363523108, 67.9980363523108], "dividendPaid": [0.0, -0.0, -0.0, -0.0, -0.0, 0.0, 1144991.3516869124, 2421202.947780411, 3812614.247674716, 5298356.440044018, 6853103.946184096, 7091260.730176748], "retainedEarning": [0.0, -81925492.14568314, -64285643.22695637, -43665159.96583377, -19725130.855408352, 7906790.285378183, 7274305.830326504, 6480535.534915239, 5532298.370881977, 4441550.629831173, 3225281.127580176, 3337365.022242884], "equityCost": [0.0, -27947038.135681137, -35338127.96952781, -41137799.74046007, -45077148.9157188, -46856695.30986746, -46143366.70156693, -45487099.08006505, -44902443.20488496, -44403334.64690253, -44002630.31364953, -43711654.4289888], "excessEquity": [0.0, -53978454.010002, -28947515.257428557, -2527360.2253737003, 25352018.06031045, 54763485.59524564, 54562663.88358034, 54388837.562760696, 54247355.823441654, 54143241.71677773, 54081015.3874138, 54140280.181408435], "cumulatedDiscount": [0.0, 1.0902172161590868, 1.1885735784096692, 1.2958033778540337, 1.4127071512935658, 1.5401576577313052, 1.6791063940579232, 1.8305906985647518, 1.9957414953159818, 2.1757917371965627, 2.37208561066838, 2.5860885709539088], "presentValue": [0.0, -49511650.7150492, -24354836.573231593, -1950419.5378462703, 17945699.529514313, 35557064.77213103, 32495060.51353773, 29711085.938218456, 27181554.29987328, 24884386.125364896, 22798930.672732107, 20935199.50921022], "Price Target USD": [1.888140296235307, 2.05848305747945, 2.2441936684358916, 2.4466585737240267, 2.66738929913717, 2.908033736117863, 3.1703884442871253, 3.456412063873648, 3.7682399381750122, 4.108200055216652, 4.4788304276229045, 4.882898040451655], "Price Target Local": [1.888140296235307, 2.05848305747945, 2.2441936684358916, 2.4466585737240267, 2.66738929913717, 2.908033736117863, 3.1703884442871253, 3.456412063873648, 3.7682399381750122, 4.108200055216652, 4.4788304276229045, 4.882898040451655], "Equity Invested": -309775000.0, "PV of Equity Excess Return": 114756875.02524477, "Terminal  Value of Excess Equity Return": 411497139.01521826, "Value of Equity": 216479014.04046303, "Number of shares": 114651975, "Estimated Value/Share": 1.888140296235307, "Estimated Value/Share (Local Currency)": 1.888140296235307, "Current price": 1.22, "Valuation": 54.76559805207436}, "2010Q4": {"Date": ["2009", "2010", "2012", "2013", "2014", "2015", "2016", "2017", "2018", "2019", "2020", "Terminal"], "revenueGrowth": [0.0, 7.2335304851192355, 7.2335304851192355, 7.2335304851192355, 7.2335304851192355, 7.2335304851192355, 6.351257721495388, 5.468984957871541, 4.586712194247694, 3.7044394306238466, 2.8221666669999994, 2.822166667], "revenue": [116744000.0, 125188712.8295476, 134244276.5360013, 143954877.2037607, 154367897.1311107, 165534146.0293271, 176047646.26072618, 185675665.5534122, 194192073.94710112, 201385801.70554373, 207069244.67334828, 212913083.87412816], "netMargin": [-132.1943740149387, -104.77140622736991, -77.34843843980113, -49.925470652232356, -22.502502864663583, 4.920464922905183, 4.920464922905183, 4.920464922905183, 4.920464922905183, 4.920464922905183, 4.920464922905183, 4.920464922905183], "netIncome": [-154329000.0, -131161974.86946087, -103835851.59540536, -71870149.97082068, -34736640.47404912, 8145049.590803684, 8662362.68185923, 9136105.993926391, 9555152.881629206, 9909117.732632669, 10188769.550276812, 10476313.608302169], "netGrowth": [0.0, 15.011452889955311, 20.83387605382724, 30.784840816964156, 51.66749966689618, 123.44800613890294, 6.35125772149538, 5.468984957871555, 4.586712194247683, 3.7044394306238404, 2.8221666669999808, 2.822166666999984], "bvEquity": [0.0, 207048000.0, 75886025.13053913, -27949826.46486622, -99819976.4356869, -134556616.90973604, -126411567.31893235, -119031431.02497526, -112600027.34341358, -107288013.29650044, -103245993.35427497, -100598070.13970862], "costOfEquity": [0.0, 8.049781392232328, 8.049781392232328, 8.049781392232328, 8.049781392232328, 8.049781392232328, 8.049781392232328, 8.049781392232328, 8.049781392232328, 8.049781392232328, 8.049781392232328, 8.049781392232328], "returnOnEquity": [-0.745377883389359, -0.6334858335722193, -1.3683132225833008, 2.571398790656666, 0.3479928739156698, -0.060532508752561665, -0.06852507935452114, -0.07675372727401258, -0.08485924121925291, -0.09235997040273172, -0.09868440623468454, -0.1041403040212687], "dividendpayout": [-0.0, 0.0, 0.0, 0.0, 0.0, 0.0, 14.802270869902221, 29.604541739804443, 44.40681260970666, 59.209083479608886, 74.01135434951111, 74.01135434951111], "dividendPaid": [0.0, -0.0, -0.0, -0.0, -0.0, 0.0, 1282226.3879021297, 2704702.3123647138, 4243138.834716068, 5867097.790407204, 7540846.33571046, 7753661.587406571], "retainedEarning": [0.0, -131161974.86946087, -103835851.59540536, -71870149.97082068, -34736640.47404912, 8145049.590803684, 7380136.293957101, 6431403.681561677, 5312014.046913139, 4042019.9422254646, 2647923.214566352, 2722652.0208955975], "equityCost": [0.0, 16666911.37698919, 6108659.130262887, -2249899.9299300276, -8035289.888850618, -10831513.510017268, -10175854.823668659, -9581769.985556316, -9064056.04873862, -8636450.530437438, -8311076.761257852, -8097924.73105109], "excessEquity": [0.0, -147828886.24645007, -109944510.72566824, -69620250.04089065, -26701350.585198503, 18976563.10082095, 18838217.50552789, 18717875.979482707, 18619208.930367827, 18545568.263070107, 18499846.311534666, 18574238.33935326], "cumulatedDiscount": [0.0, 1.0804978139223234, 1.1674755258909197, 1.2614547535329537, 1.3629991035542797, 1.4727175517684856, 1.5912680952108849, 1.7193616982397006, 1.85776655628977, 2.0073127028490996, 2.1688969872869626, 2.3434884533862763], "presentValue": [0.0, -136815534.785596, -94172861.26128235, -55190445.67068724, -19590145.37542222, 12885405.676080452, 11838493.816487493, 10886526.086190155, 10022361.995552925, 9239003.089427605, 8529610.40564486, 7925892.834041489], "Price Target USD": [0.0899986690133415, 0.09724336512483422, 0.10507124343583368, 0.11352924883851856, 0.12266810518626277, 0.13254261949175053, 0.14321201061237476, 0.1547402643940915, 0.1671965174035782, 0.18065547154999193, 0.19519784208287275, 0.2109108416528989], "Price Target Local": [0.0899986690133415, 0.09724336512483422, 0.10507124343583368, 0.11352924883851856, 0.12266810518626277, 0.13254261949175053, 0.14321201061237476, 0.1547402643940915, 0.1671965174035782, 0.18065547154999193, 0.19519784208287275, 0.2109108416528989], "Equity Invested": 207048000.0, "PV of Equity Excess Return": -242367586.0236043, "Terminal  Value of Excess Equity Return": 163820601.3773105, "Value of Equity": 128501015.35370621, "Number of shares": 1427810175, "Estimated Value/Share": 0.0899986690133415, "Estimated Value/Share (Local Currency)": 0.0899986690133415, "Current price": 1.62, "Valuation": 94.44452660411473}}