[{"date": "2025-06-30", "symbol": "TSLA", "reportedCurrency": "USD", "cik": "0001318605", "fillingDate": "2025-07-24", "acceptedDate": "2025-07-23 20:23:31", "calendarYear": "2025", "period": "Q2", "revenue": 22496000000, "costOfRevenue": 18618000000, "grossProfit": 3878000000, "grossProfitRatio": 0.172386202, "researchAndDevelopmentExpenses": 1589000000, "generalAndAdministrativeExpenses": 0, "sellingAndMarketingExpenses": 0, "sellingGeneralAndAdministrativeExpenses": 1366000000, "otherExpenses": 0, "operatingExpenses": 2955000000, "costAndExpenses": 21573000000, "interestIncome": 392000000, "interestExpense": 86000000, "depreciationAndAmortization": 1433000000, "ebitda": 3068000000, "ebitdaratio": 0.1363798009, "operatingIncome": 923000000, "operatingIncomeRatio": 0.0410295164, "totalOtherIncomeExpensesNet": 626000000, "incomeBeforeTax": 1549000000, "incomeBeforeTaxRatio": 0.0688566856, "incomeTaxExpense": 359000000, "netIncome": 1172000000, "netIncomeRatio": 0.0520981508, "eps": 0.36, "epsdiluted": 0.33, "weightedAverageShsOut": 3223000000, "weightedAverageShsOutDil": 3519000000, "link": "https://www.sec.gov/Archives/edgar/data/1318605/000162828025035806/0001628280-25-035806-index.htm", "finalLink": "https://www.sec.gov/Archives/edgar/data/1318605/000162828025035806/tsla-20250630.htm"}, {"date": "2025-03-31", "symbol": "TSLA", "reportedCurrency": "USD", "cik": "0001318605", "fillingDate": "2025-04-23", "acceptedDate": "2025-04-22 21:02:10", "calendarYear": "2025", "period": "Q1", "revenue": 19335000000, "costOfRevenue": 16182000000, "grossProfit": 3153000000, "grossProfitRatio": 0.163072149, "researchAndDevelopmentExpenses": 1409000000, "generalAndAdministrativeExpenses": 1251000000, "sellingAndMarketingExpenses": 0, "sellingGeneralAndAdministrativeExpenses": 1251000000, "otherExpenses": 94000000, "operatingExpenses": 2754000000, "costAndExpenses": 18936000000, "interestIncome": 400000000, "interestExpense": 91000000, "depreciationAndAmortization": 1447000000, "ebitda": 2127000000, "ebitdaratio": 0.110007758, "operatingIncome": 399000000, "operatingIncomeRatio": 0.0206361521, "totalOtherIncomeExpensesNet": 190000000, "incomeBeforeTax": 589000000, "incomeBeforeTaxRatio": 0.0304628911, "incomeTaxExpense": 169000000, "netIncome": 409000000, "netIncomeRatio": 0.0211533488, "eps": 0.13, "epsdiluted": 0.12, "weightedAverageShsOut": 3218000000, "weightedAverageShsOutDil": 3521000000, "link": "https://www.sec.gov/Archives/edgar/data/1318605/000162828025018911/0001628280-25-018911-index.htm", "finalLink": "https://www.sec.gov/Archives/edgar/data/1318605/000162828025018911/tsla-20250331.htm"}, {"date": "2024-12-31", "symbol": "TSLA", "reportedCurrency": "USD", "cik": "0001318605", "fillingDate": "2025-01-30", "acceptedDate": "2025-01-29 20:42:33", "calendarYear": "2024", "period": "Q4", "revenue": 25707000000, "costOfRevenue": 21528000000, "grossProfit": 4179000000, "grossProfitRatio": 0.1625627261, "researchAndDevelopmentExpenses": 1276000000, "generalAndAdministrativeExpenses": 1313000000, "sellingAndMarketingExpenses": 0, "sellingGeneralAndAdministrativeExpenses": 1313000000, "otherExpenses": 7000000, "operatingExpenses": 2596000000, "costAndExpenses": 24124000000, "interestIncome": 442000000, "interestExpense": 96000000, "depreciationAndAmortization": 1496000000, "ebitda": 4358000000, "ebitdaratio": 0.1695258101, "operatingIncome": 1583000000, "operatingIncomeRatio": 0.0615785584, "totalOtherIncomeExpensesNet": 1183000000, "incomeBeforeTax": 2766000000, "incomeBeforeTaxRatio": 0.1075971525, "incomeTaxExpense": 434000000, "netIncome": 2356000000, "netIncomeRatio": 0.0916481892, "eps": 0.72, "epsdiluted": 0.66, "weightedAverageShsOut": 3213000000, "weightedAverageShsOutDil": 3517000000, "link": "https://www.sec.gov/Archives/edgar/data/1318605/000162828025003063/0001628280-25-003063-index.htm", "finalLink": "https://www.sec.gov/Archives/edgar/data/1318605/000162828025003063/tsla-20241231.htm"}, {"date": "2024-09-30", "symbol": "TSLA", "reportedCurrency": "USD", "cik": "0001318605", "fillingDate": "2024-10-24", "acceptedDate": "2024-10-23 20:42:47", "calendarYear": "2024", "period": "Q3", "revenue": 25182000000, "costOfRevenue": 20185000000, "grossProfit": 4997000000, "grossProfitRatio": 0.1984353904, "researchAndDevelopmentExpenses": 1039000000, "generalAndAdministrativeExpenses": 1186000000, "sellingAndMarketingExpenses": 0, "sellingGeneralAndAdministrativeExpenses": 1186000000, "otherExpenses": 55000000, "operatingExpenses": 2280000000, "costAndExpenses": 22465000000, "interestIncome": 429000000, "interestExpense": 92000000, "depreciationAndAmortization": 1348000000, "ebitda": 4224000000, "ebitdaratio": 0.1677388611, "operatingIncome": 2717000000, "operatingIncomeRatio": 0.1078945278, "totalOtherIncomeExpensesNet": 67000000, "incomeBeforeTax": 2784000000, "incomeBeforeTaxRatio": 0.1105551584, "incomeTaxExpense": 601000000, "netIncome": 2167000000, "netIncomeRatio": 0.0860535303, "eps": 0.68, "epsdiluted": 0.62, "weightedAverageShsOut": 3198000000, "weightedAverageShsOutDil": 3497000000, "link": "https://www.sec.gov/Archives/edgar/data/1318605/000162828024043486/0001628280-24-043486-index.htm", "finalLink": "https://www.sec.gov/Archives/edgar/data/1318605/000162828024043486/tsla-20240930.htm"}, {"date": "2024-06-30", "symbol": "TSLA", "reportedCurrency": "USD", "cik": "0001318605", "fillingDate": "2024-07-24", "acceptedDate": "2024-07-23 19:41:09", "calendarYear": "2024", "period": "Q2", "revenue": 25500000000, "costOfRevenue": 20922000000, "grossProfit": 4578000000, "grossProfitRatio": 0.1795294118, "researchAndDevelopmentExpenses": 1074000000, "generalAndAdministrativeExpenses": 1277000000, "sellingAndMarketingExpenses": 0, "sellingGeneralAndAdministrativeExpenses": 1277000000, "otherExpenses": 622000000, "operatingExpenses": 2973000000, "costAndExpenses": 23895000000, "interestIncome": 348000000, "interestExpense": 86000000, "depreciationAndAmortization": 1278000000, "ebitda": 3251000000, "ebitdaratio": 0.1274901961, "operatingIncome": 1605000000, "operatingIncomeRatio": 0.0629411765, "totalOtherIncomeExpensesNet": 182000000, "incomeBeforeTax": 1787000000, "incomeBeforeTaxRatio": 0.0700784314, "incomeTaxExpense": 371000000, "netIncome": 1400000000, "netIncomeRatio": 0.0549019608, "eps": 0.46, "epsdiluted": 0.42, "weightedAverageShsOut": 3191000000, "weightedAverageShsOutDil": 3481000000, "link": "https://www.sec.gov/Archives/edgar/data/1318605/000162828024032662/0001628280-24-032662-index.htm", "finalLink": "https://www.sec.gov/Archives/edgar/data/1318605/000162828024032662/tsla-20240630.htm"}, {"date": "2024-03-31", "symbol": "TSLA", "reportedCurrency": "USD", "cik": "0001318605", "fillingDate": "2024-04-24", "acceptedDate": "2024-04-23 20:27:48", "calendarYear": "2024", "period": "Q1", "revenue": 21301000000, "costOfRevenue": 17605000000, "grossProfit": 3696000000, "grossProfitRatio": 0.1735129806, "researchAndDevelopmentExpenses": 1151000000, "generalAndAdministrativeExpenses": 1374000000, "sellingAndMarketingExpenses": 0, "sellingGeneralAndAdministrativeExpenses": 1374000000, "otherExpenses": 0, "operatingExpenses": 2525000000, "costAndExpenses": 20130000000, "interestIncome": 350000000, "interestExpense": 76000000, "depreciationAndAmortization": 1246000000, "ebitda": 2875000000, "ebitdaratio": 0.1349701892, "operatingIncome": 1171000000, "operatingIncomeRatio": 0.0549739449, "totalOtherIncomeExpensesNet": 717000000, "incomeBeforeTax": 1888000000, "incomeBeforeTaxRatio": 0.0886343364, "incomeTaxExpense": 483000000, "netIncome": 1390000000, "netIncomeRatio": 0.0652551523, "eps": 0.45, "epsdiluted": 0.41, "weightedAverageShsOut": 3186000000, "weightedAverageShsOutDil": 3484000000, "link": "https://www.sec.gov/Archives/edgar/data/1318605/000162828024017503/0001628280-24-017503-index.htm", "finalLink": "https://www.sec.gov/Archives/edgar/data/1318605/000162828024017503/tsla-20240331.htm"}, {"date": "2023-12-31", "symbol": "TSLA", "reportedCurrency": "USD", "cik": "0001318605", "fillingDate": "2024-01-29", "acceptedDate": "2024-01-26 21:00:20", "calendarYear": "2023", "period": "Q4", "revenue": 25167000000, "costOfRevenue": 20729000000, "grossProfit": 4438000000, "grossProfitRatio": 0.1763420352, "researchAndDevelopmentExpenses": 1094000000, "generalAndAdministrativeExpenses": 1280000000, "sellingAndMarketingExpenses": 0, "sellingGeneralAndAdministrativeExpenses": 1280000000, "otherExpenses": 0, "operatingExpenses": 2374000000, "costAndExpenses": 23103000000, "interestIncome": 333000000, "interestExpense": 61000000, "depreciationAndAmortization": 1232000000, "ebitda": 3484000000, "ebitdaratio": 0.1384352525, "operatingIncome": 2064000000, "operatingIncomeRatio": 0.0820121588, "totalOtherIncomeExpensesNet": 127000000, "incomeBeforeTax": 2191000000, "incomeBeforeTaxRatio": 0.0870584496, "incomeTaxExpense": -5752000000, "netIncome": 7930000000, "netIncomeRatio": 0.3150951643, "eps": 2.49, "epsdiluted": 2.27, "weightedAverageShsOut": 3181000000, "weightedAverageShsOutDil": 3492000000, "link": "https://www.sec.gov/Archives/edgar/data/1318605/000162828024002390/0001628280-24-002390-index.htm", "finalLink": "https://www.sec.gov/Archives/edgar/data/1318605/000162828024002390/tsla-20231231.htm"}, {"date": "2023-09-30", "symbol": "TSLA", "reportedCurrency": "USD", "cik": "0001318605", "fillingDate": "2023-10-23", "acceptedDate": "2023-10-20 18:41:03", "calendarYear": "2023", "period": "Q3", "revenue": 23350000000, "costOfRevenue": 19172000000, "grossProfit": 4178000000, "grossProfitRatio": 0.1789293362, "researchAndDevelopmentExpenses": 1161000000, "generalAndAdministrativeExpenses": 1253000000, "sellingAndMarketingExpenses": 0, "sellingGeneralAndAdministrativeExpenses": 1253000000, "otherExpenses": 0, "operatingExpenses": 2414000000, "costAndExpenses": 21586000000, "interestIncome": 282000000, "interestExpense": 38000000, "depreciationAndAmortization": 1235000000, "ebitda": 3318000000, "ebitdaratio": 0.1420985011, "operatingIncome": 1764000000, "operatingIncomeRatio": 0.0755460385, "totalOtherIncomeExpensesNet": 281000000, "incomeBeforeTax": 2045000000, "incomeBeforeTaxRatio": 0.0875802998, "incomeTaxExpense": 167000000, "netIncome": 1853000000, "netIncomeRatio": 0.0793576017, "eps": 0.58, "epsdiluted": 0.53, "weightedAverageShsOut": 3176000000, "weightedAverageShsOutDil": 3493000000, "link": "https://www.sec.gov/Archives/edgar/data/1318605/000162828023034847/0001628280-23-034847-index.htm", "finalLink": "https://www.sec.gov/Archives/edgar/data/1318605/000162828023034847/tsla-20230930.htm"}, {"date": "2023-06-30", "symbol": "TSLA", "reportedCurrency": "USD", "cik": "0001318605", "fillingDate": "2023-07-24", "acceptedDate": "2023-07-21 18:08:29", "calendarYear": "2023", "period": "Q2", "revenue": 24927000000, "costOfRevenue": 20394000000, "grossProfit": 4533000000, "grossProfitRatio": 0.1818510049, "researchAndDevelopmentExpenses": 943000000, "generalAndAdministrativeExpenses": 1191000000, "sellingAndMarketingExpenses": 0, "sellingGeneralAndAdministrativeExpenses": 1191000000, "otherExpenses": 0, "operatingExpenses": 2134000000, "costAndExpenses": 22528000000, "interestIncome": 238000000, "interestExpense": 28000000, "depreciationAndAmortization": 1154000000, "ebitda": 4119000000, "ebitdaratio": 0.1652425081, "operatingIncome": 2399000000, "operatingIncomeRatio": 0.0962410238, "totalOtherIncomeExpensesNet": 538000000, "incomeBeforeTax": 2937000000, "incomeBeforeTaxRatio": 0.1178240462, "incomeTaxExpense": 323000000, "netIncome": 2703000000, "netIncomeRatio": 0.108436635, "eps": 0.85, "epsdiluted": 0.78, "weightedAverageShsOut": 3171000000, "weightedAverageShsOutDil": 3478000000, "link": "https://www.sec.gov/Archives/edgar/data/1318605/000095017023033872/0000950170-23-033872-index.htm", "finalLink": "https://www.sec.gov/Archives/edgar/data/1318605/000095017023033872/tsla-20230630.htm"}, {"date": "2023-03-31", "symbol": "TSLA", "reportedCurrency": "USD", "cik": "0001318605", "fillingDate": "2023-04-24", "acceptedDate": "2023-04-21 18:05:23", "calendarYear": "2023", "period": "Q1", "revenue": 23329000000, "costOfRevenue": 18818000000, "grossProfit": 4511000000, "grossProfitRatio": 0.193364482, "researchAndDevelopmentExpenses": 771000000, "generalAndAdministrativeExpenses": 1076000000, "sellingAndMarketingExpenses": 0, "sellingGeneralAndAdministrativeExpenses": 1076000000, "otherExpenses": 0, "operatingExpenses": 1847000000, "costAndExpenses": 20665000000, "interestIncome": 213000000, "interestExpense": 29000000, "depreciationAndAmortization": 1046000000, "ebitda": 3875000000, "ebitdaratio": 0.1661022761, "operatingIncome": 2664000000, "operatingIncomeRatio": 0.1141926358, "totalOtherIncomeExpensesNet": 136000000, "incomeBeforeTax": 2800000000, "incomeBeforeTaxRatio": 0.1200222899, "incomeTaxExpense": 261000000, "netIncome": 2513000000, "netIncomeRatio": 0.1077200051, "eps": 0.8, "epsdiluted": 0.73, "weightedAverageShsOut": 3166000000, "weightedAverageShsOutDil": 3468000000, "link": "https://www.sec.gov/Archives/edgar/data/1318605/000095017023013890/0000950170-23-013890-index.htm", "finalLink": "https://www.sec.gov/Archives/edgar/data/1318605/000095017023013890/tsla-20230331.htm"}, {"date": "2022-12-31", "symbol": "TSLA", "reportedCurrency": "USD", "cik": "0001318605", "fillingDate": "2023-01-31", "acceptedDate": "2023-01-30 21:29:15", "calendarYear": "2022", "period": "Q4", "revenue": 24318000000, "costOfRevenue": 18541000000, "grossProfit": 5777000000, "grossProfitRatio": 0.2375606547, "researchAndDevelopmentExpenses": 810000000, "generalAndAdministrativeExpenses": 1032000000, "sellingAndMarketingExpenses": 0, "sellingGeneralAndAdministrativeExpenses": 1032000000, "otherExpenses": 34000000, "operatingExpenses": 1876000000, "costAndExpenses": 20417000000, "interestIncome": 157000000, "interestExpense": 33000000, "depreciationAndAmortization": 989000000, "ebitda": 5005000000, "ebitdaratio": 0.2058146229, "operatingIncome": 3901000000, "operatingIncomeRatio": 0.1604161526, "totalOtherIncomeExpensesNet": 82000000, "incomeBeforeTax": 3983000000, "incomeBeforeTaxRatio": 0.1637881405, "incomeTaxExpense": 276000000, "netIncome": 3714000000, "netIncomeRatio": 0.1527263755, "eps": 1.18, "epsdiluted": 1.07, "weightedAverageShsOut": 3160000000, "weightedAverageShsOutDil": 3475000000, "link": "https://www.sec.gov/Archives/edgar/data/1318605/000095017023001409/0000950170-23-001409-index.htm", "finalLink": "https://www.sec.gov/Archives/edgar/data/1318605/000095017023001409/tsla-20221231.htm"}, {"date": "2022-09-30", "symbol": "TSLA", "reportedCurrency": "USD", "cik": "0001318605", "fillingDate": "2022-10-24", "acceptedDate": "2022-10-24 06:08:50", "calendarYear": "2022", "period": "Q3", "revenue": 21454000000, "costOfRevenue": 16072000000, "grossProfit": 5382000000, "grossProfitRatio": 0.2508623101, "researchAndDevelopmentExpenses": 733000000, "generalAndAdministrativeExpenses": 961000000, "sellingAndMarketingExpenses": 0, "sellingGeneralAndAdministrativeExpenses": 961000000, "otherExpenses": 0, "operatingExpenses": 1694000000, "costAndExpenses": 17766000000, "interestIncome": 86000000, "interestExpense": 53000000, "depreciationAndAmortization": 956000000, "ebitda": 4645000000, "ebitdaratio": 0.2165097418, "operatingIncome": 3688000000, "operatingIncomeRatio": 0.1719026755, "totalOtherIncomeExpensesNet": -52000000, "incomeBeforeTax": 3636000000, "incomeBeforeTaxRatio": 0.1694788851, "incomeTaxExpense": 305000000, "netIncome": 3292000000, "netIncomeRatio": 0.1534445791, "eps": 1.05, "epsdiluted": 0.95, "weightedAverageShsOut": 3146000000, "weightedAverageShsOutDil": 3468000000, "link": "https://www.sec.gov/Archives/edgar/data/1318605/000095017022019867/0000950170-22-019867-index.htm", "finalLink": "https://www.sec.gov/Archives/edgar/data/1318605/000095017022019867/tsla-20220930.htm"}, {"date": "2022-06-30", "symbol": "TSLA", "reportedCurrency": "USD", "cik": "0001318605", "fillingDate": "2022-07-25", "acceptedDate": "2022-07-25 06:07:25", "calendarYear": "2022", "period": "Q2", "revenue": 16934000000, "costOfRevenue": 12700000000, "grossProfit": 4234000000, "grossProfitRatio": 0.2500295264, "researchAndDevelopmentExpenses": 667000000, "generalAndAdministrativeExpenses": 961000000, "sellingAndMarketingExpenses": 0, "sellingGeneralAndAdministrativeExpenses": 961000000, "otherExpenses": 142000000, "operatingExpenses": 1770000000, "costAndExpenses": 14470000000, "interestIncome": 26000000, "interestExpense": 44000000, "depreciationAndAmortization": 922000000, "ebitda": 3440000000, "ebitdaratio": 0.2031416086, "operatingIncome": 2464000000, "operatingIncomeRatio": 0.1455060824, "totalOtherIncomeExpensesNet": 10000000, "incomeBeforeTax": 2474000000, "incomeBeforeTaxRatio": 0.1460966104, "incomeTaxExpense": 205000000, "netIncome": 2259000000, "netIncomeRatio": 0.1334002598, "eps": 0.73, "epsdiluted": 0.65, "weightedAverageShsOut": 3111000000, "weightedAverageShsOutDil": 3464000000, "link": "https://www.sec.gov/Archives/edgar/data/1318605/000095017022012936/0000950170-22-012936-index.htm", "finalLink": "https://www.sec.gov/Archives/edgar/data/1318605/000095017022012936/tsla-20220630.htm"}, {"date": "2022-03-31", "symbol": "TSLA", "reportedCurrency": "USD", "cik": "0001318605", "fillingDate": "2022-04-25", "acceptedDate": "2022-04-22 21:36:59", "calendarYear": "2022", "period": "Q1", "revenue": 18756000000, "costOfRevenue": 13296000000, "grossProfit": 5460000000, "grossProfitRatio": 0.2911068458, "researchAndDevelopmentExpenses": 865000000, "generalAndAdministrativeExpenses": 992000000, "sellingAndMarketingExpenses": 0, "sellingGeneralAndAdministrativeExpenses": 992000000, "otherExpenses": 0, "operatingExpenses": 1857000000, "costAndExpenses": 15153000000, "interestIncome": 28000000, "interestExpense": 61000000, "depreciationAndAmortization": 880000000, "ebitda": 4567000000, "ebitdaratio": 0.2434954148, "operatingIncome": 3603000000, "operatingIncomeRatio": 0.1920985285, "totalOtherIncomeExpensesNet": 23000000, "incomeBeforeTax": 3626000000, "incomeBeforeTaxRatio": 0.1933248027, "incomeTaxExpense": 346000000, "netIncome": 3318000000, "netIncomeRatio": 0.1769033909, "eps": 1.07, "epsdiluted": 0.95, "weightedAverageShsOut": 3103000000, "weightedAverageShsOutDil": 3472000000, "link": "https://www.sec.gov/Archives/edgar/data/1318605/000095017022006034/0000950170-22-006034-index.htm", "finalLink": "https://www.sec.gov/Archives/edgar/data/1318605/000095017022006034/tsla-20220331.htm"}, {"date": "2021-12-31", "symbol": "TSLA", "reportedCurrency": "USD", "cik": "0001318605", "fillingDate": "2022-02-07", "acceptedDate": "2022-02-04 20:11:27", "calendarYear": "2021", "period": "Q4", "revenue": 17719000000, "costOfRevenue": 12872000000, "grossProfit": 4847000000, "grossProfitRatio": 0.2735481686, "researchAndDevelopmentExpenses": 740000000, "generalAndAdministrativeExpenses": 1494000000, "sellingAndMarketingExpenses": 0, "sellingGeneralAndAdministrativeExpenses": 1494000000, "otherExpenses": 0, "operatingExpenses": 2234000000, "costAndExpenses": 15106000000, "interestIncome": 25000000, "interestExpense": 71000000, "depreciationAndAmortization": 848000000, "ebitda": 3554000000, "ebitdaratio": 0.2005756533, "operatingIncome": 2613000000, "operatingIncomeRatio": 0.1474688188, "totalOtherIncomeExpensesNet": 22000000, "incomeBeforeTax": 2635000000, "incomeBeforeTaxRatio": 0.1487104238, "incomeTaxExpense": 292000000, "netIncome": 2321000000, "netIncomeRatio": 0.1309893335, "eps": 0.77, "epsdiluted": 0.54, "weightedAverageShsOut": 3045000000, "weightedAverageShsOutDil": 4305000000, "link": "https://www.sec.gov/Archives/edgar/data/1318605/000095017022000796/0000950170-22-000796-index.htm", "finalLink": "https://www.sec.gov/Archives/edgar/data/1318605/000095017022000796/tsla-20211231.htm"}, {"date": "2021-09-30", "symbol": "TSLA", "reportedCurrency": "USD", "cik": "0001318605", "fillingDate": "2021-10-25", "acceptedDate": "2021-10-25 06:12:15", "calendarYear": "2021", "period": "Q3", "revenue": 13757000000, "costOfRevenue": 10097000000, "grossProfit": 3660000000, "grossProfitRatio": 0.2660463764, "researchAndDevelopmentExpenses": 611000000, "generalAndAdministrativeExpenses": 994000000, "sellingAndMarketingExpenses": 0, "sellingGeneralAndAdministrativeExpenses": 994000000, "otherExpenses": 51000000, "operatingExpenses": 1656000000, "costAndExpenses": 11753000000, "interestIncome": 10000000, "interestExpense": 126000000, "depreciationAndAmortization": 761000000, "ebitda": 2769000000, "ebitdaratio": 0.2012793487, "operatingIncome": 2004000000, "operatingIncomeRatio": 0.1456712946, "totalOtherIncomeExpensesNet": -122000000, "incomeBeforeTax": 1882000000, "incomeBeforeTaxRatio": 0.1368030821, "incomeTaxExpense": 223000000, "netIncome": 1618000000, "netIncomeRatio": 0.1176128516, "eps": 0.54, "epsdiluted": 0.48, "weightedAverageShsOut": 2994000000, "weightedAverageShsOutDil": 3369000000, "link": "https://www.sec.gov/Archives/edgar/data/1318605/000095017021002253/0000950170-21-002253-index.htm", "finalLink": "https://www.sec.gov/Archives/edgar/data/1318605/000095017021002253/tsla-20210930.htm"}, {"date": "2021-06-30", "symbol": "TSLA", "reportedCurrency": "USD", "cik": "0001318605", "fillingDate": "2021-07-27", "acceptedDate": "2021-07-27 06:47:13", "calendarYear": "2021", "period": "Q2", "revenue": 11958000000, "costOfRevenue": 9074000000, "grossProfit": 2884000000, "grossProfitRatio": 0.2411774544, "researchAndDevelopmentExpenses": 576000000, "generalAndAdministrativeExpenses": 973000000, "sellingAndMarketingExpenses": 0, "sellingGeneralAndAdministrativeExpenses": 973000000, "otherExpenses": 23000000, "operatingExpenses": 1572000000, "costAndExpenses": 10646000000, "interestIncome": 11000000, "interestExpense": 75000000, "depreciationAndAmortization": 681000000, "ebitda": 2049000000, "ebitdaratio": 0.171349724, "operatingIncome": 1312000000, "operatingIncomeRatio": 0.109717344, "totalOtherIncomeExpensesNet": -19000000, "incomeBeforeTax": 1293000000, "incomeBeforeTaxRatio": 0.1081284496, "incomeTaxExpense": 115000000, "netIncome": 1142000000, "netIncomeRatio": 0.0955009199, "eps": 0.39, "epsdiluted": 0.34, "weightedAverageShsOut": 2913000000, "weightedAverageShsOutDil": 3357000000, "link": "https://www.sec.gov/Archives/edgar/data/1318605/000095017021000524/0000950170-21-000524-index.htm", "finalLink": "https://www.sec.gov/Archives/edgar/data/1318605/000095017021000524/tsla-20210630.htm"}, {"date": "2021-03-31", "symbol": "TSLA", "reportedCurrency": "USD", "cik": "0001318605", "fillingDate": "2021-04-28", "acceptedDate": "2021-04-27 20:02:05", "calendarYear": "2021", "period": "Q1", "revenue": 10389000000, "costOfRevenue": 8174000000, "grossProfit": 2215000000, "grossProfitRatio": 0.2132062759, "researchAndDevelopmentExpenses": 666000000, "generalAndAdministrativeExpenses": 1056000000, "sellingAndMarketingExpenses": 0, "sellingGeneralAndAdministrativeExpenses": 1056000000, "otherExpenses": -101000000, "operatingExpenses": 1621000000, "costAndExpenses": 9795000000, "interestIncome": 10000000, "interestExpense": 99000000, "depreciationAndAmortization": 621000000, "ebitda": 1253000000, "ebitdaratio": 0.1206083357, "operatingIncome": 594000000, "operatingIncomeRatio": 0.0571758591, "totalOtherIncomeExpensesNet": -61000000, "incomeBeforeTax": 533000000, "incomeBeforeTaxRatio": 0.0513042641, "incomeTaxExpense": 69000000, "netIncome": 438000000, "netIncomeRatio": 0.0421599769, "eps": 0.15, "epsdiluted": 0.13, "weightedAverageShsOut": 2883000000, "weightedAverageShsOutDil": 3399000000, "link": "https://www.sec.gov/Archives/edgar/data/1318605/000095017021000046/0000950170-21-000046-index.htm", "finalLink": "https://www.sec.gov/Archives/edgar/data/1318605/000095017021000046/tsla-20210331.htm"}, {"date": "2020-12-31", "symbol": "TSLA", "reportedCurrency": "USD", "cik": "0001318605", "fillingDate": "2021-02-08", "acceptedDate": "2021-02-08 07:27:23", "calendarYear": "2020", "period": "Q4", "revenue": 10744000000, "costOfRevenue": 8678000000, "grossProfit": 2066000000, "grossProfitRatio": 0.192293373, "researchAndDevelopmentExpenses": 522000000, "generalAndAdministrativeExpenses": 969000000, "sellingAndMarketingExpenses": 0, "sellingGeneralAndAdministrativeExpenses": 969000000, "otherExpenses": 0, "operatingExpenses": 1491000000, "costAndExpenses": 10169000000, "interestIncome": 6000000, "interestExpense": 246000000, "depreciationAndAmortization": 618000000, "ebitda": 1243000000, "ebitdaratio": 0.1156924795, "operatingIncome": 575000000, "operatingIncomeRatio": 0.0535182427, "totalOtherIncomeExpensesNet": -196000000, "incomeBeforeTax": 379000000, "incomeBeforeTaxRatio": 0.0352755026, "incomeTaxExpense": 83000000, "netIncome": 239000000, "netIncomeRatio": 0.0222449739, "eps": 0.0838, "epsdiluted": 0.0709, "weightedAverageShsOut": 2853000000, "weightedAverageShsOutDil": 3372000000, "link": "https://www.sec.gov/Archives/edgar/data/1318605/000156459021004599/0001564590-21-004599-index.htm", "finalLink": "https://www.sec.gov/Archives/edgar/data/1318605/000156459021004599/tsla-10k_20201231.htm"}, {"date": "2020-09-30", "symbol": "TSLA", "reportedCurrency": "USD", "cik": "0001318605", "fillingDate": "2020-10-26", "acceptedDate": "2020-10-26 06:06:44", "calendarYear": "2020", "period": "Q3", "revenue": 8771000000, "costOfRevenue": 6708000000, "grossProfit": 2063000000, "grossProfitRatio": 0.2352069319, "researchAndDevelopmentExpenses": 366000000, "generalAndAdministrativeExpenses": 888000000, "sellingAndMarketingExpenses": 0, "sellingGeneralAndAdministrativeExpenses": 888000000, "otherExpenses": 0, "operatingExpenses": 1254000000, "costAndExpenses": 7962000000, "interestIncome": 6000000, "interestExpense": 163000000, "depreciationAndAmortization": 584000000, "ebitda": 1302000000, "ebitdaratio": 0.148443735, "operatingIncome": 809000000, "operatingIncomeRatio": 0.092235777, "totalOtherIncomeExpensesNet": -254000000, "incomeBeforeTax": 555000000, "incomeBeforeTaxRatio": 0.0632767073, "incomeTaxExpense": 186000000, "netIncome": 300000000, "netIncomeRatio": 0.0342036256, "eps": 0.11, "epsdiluted": 0.0905, "weightedAverageShsOut": 2811000000, "weightedAverageShsOutDil": 3315000000, "link": "https://www.sec.gov/Archives/edgar/data/1318605/000156459020047486/0001564590-20-047486-index.htm", "finalLink": "https://www.sec.gov/Archives/edgar/data/1318605/000156459020047486/tsla-10q_20200930.htm"}, {"date": "2020-06-30", "symbol": "TSLA", "reportedCurrency": "USD", "cik": "0001318605", "fillingDate": "2020-07-28", "acceptedDate": "2020-07-28 06:03:48", "calendarYear": "2020", "period": "Q2", "revenue": 6036000000, "costOfRevenue": 4769000000, "grossProfit": 1267000000, "grossProfitRatio": 0.2099072233, "researchAndDevelopmentExpenses": 279000000, "generalAndAdministrativeExpenses": 661000000, "sellingAndMarketingExpenses": 0, "sellingGeneralAndAdministrativeExpenses": 661000000, "otherExpenses": 0, "operatingExpenses": 940000000, "costAndExpenses": 5709000000, "interestIncome": 8000000, "interestExpense": 170000000, "depreciationAndAmortization": 567000000, "ebitda": 887000000, "ebitdaratio": 0.1469516236, "operatingIncome": 327000000, "operatingIncomeRatio": 0.0541749503, "totalOtherIncomeExpensesNet": -177000000, "incomeBeforeTax": 150000000, "incomeBeforeTaxRatio": 0.0248508946, "incomeTaxExpense": 21000000, "netIncome": 104000000, "netIncomeRatio": 0.0172299536, "eps": 0.0373, "epsdiluted": 0.0335, "weightedAverageShsOut": 2790000000, "weightedAverageShsOutDil": 3108000000, "link": "https://www.sec.gov/Archives/edgar/data/1318605/000156459020033670/0001564590-20-033670-index.htm", "finalLink": "https://www.sec.gov/Archives/edgar/data/1318605/000156459020033670/tsla-10q_20200630.htm"}, {"date": "2020-03-31", "symbol": "TSLA", "reportedCurrency": "USD", "cik": "0001318605", "fillingDate": "2020-04-30", "acceptedDate": "2020-04-30 06:26:18", "calendarYear": "2020", "period": "Q1", "revenue": 5985000000, "costOfRevenue": 4751000000, "grossProfit": 1234000000, "grossProfitRatio": 0.206182122, "researchAndDevelopmentExpenses": 324000000, "generalAndAdministrativeExpenses": 627000000, "sellingAndMarketingExpenses": 0, "sellingGeneralAndAdministrativeExpenses": 627000000, "otherExpenses": 0, "operatingExpenses": 951000000, "costAndExpenses": 5702000000, "interestIncome": 10000000, "interestExpense": 169000000, "depreciationAndAmortization": 553000000, "ebitda": 792000000, "ebitdaratio": 0.1323308271, "operatingIncome": 283000000, "operatingIncomeRatio": 0.0472848789, "totalOtherIncomeExpensesNet": -213000000, "incomeBeforeTax": 70000000, "incomeBeforeTaxRatio": 0.0116959064, "incomeTaxExpense": 2000000, "netIncome": 16000000, "netIncomeRatio": 0.00267335, "eps": 0.0058, "epsdiluted": 0.0054, "weightedAverageShsOut": 2745000000, "weightedAverageShsOutDil": 2982000000, "link": "https://www.sec.gov/Archives/edgar/data/1318605/000156459020019931/0001564590-20-019931-index.htm", "finalLink": "https://www.sec.gov/Archives/edgar/data/1318605/000156459020019931/tsla-10q_20200331.htm"}, {"date": "2019-12-31", "symbol": "TSLA", "reportedCurrency": "USD", "cik": "0001318605", "fillingDate": "2020-02-13", "acceptedDate": "2020-02-13 07:12:18", "calendarYear": "2019", "period": "Q4", "revenue": 7384000000, "costOfRevenue": 5993000000, "grossProfit": 1391000000, "grossProfitRatio": 0.1883802817, "researchAndDevelopmentExpenses": 344928000, "generalAndAdministrativeExpenses": 699000000, "sellingAndMarketingExpenses": 0, "sellingGeneralAndAdministrativeExpenses": 699000000, "otherExpenses": 72000, "operatingExpenses": 1044000000, "costAndExpenses": 7025000000, "interestIncome": 10000000, "interestExpense": 170000000, "depreciationAndAmortization": 577000000, "ebitda": 921000000, "ebitdaratio": 0.1247291441, "operatingIncome": 359000000, "operatingIncomeRatio": 0.0486186349, "totalOtherIncomeExpensesNet": -185000000, "incomeBeforeTax": 174000000, "incomeBeforeTaxRatio": 0.0235644637, "incomeTaxExpense": 42000000, "netIncome": 105000000, "netIncomeRatio": 0.014219935, "eps": 0.0389, "epsdiluted": 0.0374, "weightedAverageShsOut": 2700000000, "weightedAverageShsOutDil": 2805000000, "link": "https://www.sec.gov/Archives/edgar/data/1318605/000156459020004475/0001564590-20-004475-index.htm", "finalLink": "https://www.sec.gov/Archives/edgar/data/1318605/000156459020004475/tsla-10k_20191231.htm"}, {"date": "2019-09-30", "symbol": "TSLA", "reportedCurrency": "USD", "cik": "0001318605", "fillingDate": "2019-10-29", "acceptedDate": "2019-10-29 07:23:29", "calendarYear": "2019", "period": "Q3", "revenue": 6303000000, "costOfRevenue": 5112000000, "grossProfit": 1191000000, "grossProfitRatio": 0.1889576392, "researchAndDevelopmentExpenses": 334000000, "generalAndAdministrativeExpenses": 596000000, "sellingAndMarketingExpenses": 0, "sellingGeneralAndAdministrativeExpenses": 596000000, "otherExpenses": 0, "operatingExpenses": 930000000, "costAndExpenses": 6042000000, "interestIncome": 15000000, "interestExpense": 185000000, "depreciationAndAmortization": 530000000, "ebitda": 891000000, "ebitdaratio": 0.1413612565, "operatingIncome": 261000000, "operatingIncomeRatio": 0.0414088529, "totalOtherIncomeExpensesNet": -85000000, "incomeBeforeTax": 176000000, "incomeBeforeTaxRatio": 0.0279232112, "incomeTaxExpense": 26000000, "netIncome": 143000000, "netIncomeRatio": 0.0226876091, "eps": 0.0531, "epsdiluted": 0.0517, "weightedAverageShsOut": 2691000000, "weightedAverageShsOutDil": 2766000000, "link": "https://www.sec.gov/Archives/edgar/data/1318605/000156459019038256/0001564590-19-038256-index.htm", "finalLink": "https://www.sec.gov/Archives/edgar/data/1318605/000156459019038256/tsla-10q_20190930.htm"}, {"date": "2019-06-30", "symbol": "TSLA", "reportedCurrency": "USD", "cik": "0001318605", "fillingDate": "2019-07-29", "acceptedDate": "2019-07-29 06:21:00", "calendarYear": "2019", "period": "Q2", "revenue": 6349676000, "costOfRevenue": 5428630000, "grossProfit": 921046000, "grossProfitRatio": 0.1450540154, "researchAndDevelopmentExpenses": 324000000, "generalAndAdministrativeExpenses": 647000000, "sellingAndMarketingExpenses": 0, "sellingGeneralAndAdministrativeExpenses": 647000000, "otherExpenses": 117000000, "operatingExpenses": 1088000000, "costAndExpenses": 6517134000, "interestIncome": 10000000, "interestExpense": 172000000, "depreciationAndAmortization": 579000000, "ebitda": 381000000, "ebitdaratio": 0.0600030616, "operatingIncome": -167000000, "operatingIncomeRatio": -0.0263005545, "totalOtherIncomeExpensesNet": -203000000, "incomeBeforeTax": -370000000, "incomeBeforeTaxRatio": -0.0582706897, "incomeTaxExpense": 19000000, "netIncome": -408000000, "netIncomeRatio": -0.064255247, "eps": -0.15, "epsdiluted": -0.15, "weightedAverageShsOut": 2655000000, "weightedAverageShsOutDil": 2655000000, "link": "https://www.sec.gov/Archives/edgar/data/1318605/000156459019026445/0001564590-19-026445-index.htm", "finalLink": "https://www.sec.gov/Archives/edgar/data/1318605/000156459019026445/tsla-10q_20190630.htm"}, {"date": "2019-03-31", "symbol": "TSLA", "reportedCurrency": "USD", "cik": "0001318605", "fillingDate": "2019-04-29", "acceptedDate": "2019-04-29 06:09:07", "calendarYear": "2019", "period": "Q1", "revenue": 4541464000, "costOfRevenue": 3975721000, "grossProfit": 565743000, "grossProfitRatio": 0.124572825, "researchAndDevelopmentExpenses": 340174000, "generalAndAdministrativeExpenses": 704000000, "sellingAndMarketingExpenses": 0, "sellingGeneralAndAdministrativeExpenses": 704000000, "otherExpenses": 43826000, "operatingExpenses": 1088000000, "costAndExpenses": 5063295000, "interestIncome": 9000000, "interestExpense": 158000000, "depreciationAndAmortization": 468000000, "ebitda": -19000000, "ebitdaratio": -0.0041836729, "operatingIncome": -522000000, "operatingIncomeRatio": -0.1149409089, "totalOtherIncomeExpensesNet": -123000000, "incomeBeforeTax": -645000000, "incomeBeforeTaxRatio": -0.1420246863, "incomeTaxExpense": 23000000, "netIncome": -702000000, "netIncomeRatio": -0.1545757051, "eps": -0.27, "epsdiluted": -0.27, "weightedAverageShsOut": 2595000000, "weightedAverageShsOutDil": 2595000000, "link": "https://www.sec.gov/Archives/edgar/data/1318605/000156459019013462/0001564590-19-013462-index.htm", "finalLink": "https://www.sec.gov/Archives/edgar/data/1318605/000156459019013462/tsla-10q_20190331.htm"}, {"date": "2018-12-31", "symbol": "TSLA", "reportedCurrency": "USD", "cik": "0001318605", "fillingDate": "2019-02-19", "acceptedDate": "2019-02-19 06:10:16", "calendarYear": "2018", "period": "Q4", "revenue": 7225873000, "costOfRevenue": 5782973000, "grossProfit": 1442900000, "grossProfitRatio": 0.1996852145, "researchAndDevelopmentExpenses": 356000000, "generalAndAdministrativeExpenses": 635452000, "sellingAndMarketingExpenses": 32000000, "sellingGeneralAndAdministrativeExpenses": 667452000, "otherExpenses": 5912000, "operatingExpenses": 1029364000, "costAndExpenses": 6812337000, "interestIncome": 7348000, "interestExpense": 174723000, "depreciationAndAmortization": 496737000, "ebitda": 903416000, "ebitdaratio": 0.12502517, "operatingIncome": 413536000, "operatingIncomeRatio": 0.0572299015, "totalOtherIncomeExpensesNet": -181580000, "incomeBeforeTax": 231956000, "incomeBeforeTaxRatio": 0.0321007579, "incomeTaxExpense": 21878000, "netIncome": 139483000, "netIncomeRatio": 0.0193032731, "eps": 0.0541, "epsdiluted": 0.0519, "weightedAverageShsOut": 2580390000, "weightedAverageShsOutDil": 2685390000, "link": "https://www.sec.gov/Archives/edgar/data/1318605/000156459019003165/0001564590-19-003165-index.htm", "finalLink": "https://www.sec.gov/Archives/edgar/data/1318605/000156459019003165/tsla-10k_20181231.htm"}, {"date": "2018-09-30", "symbol": "TSLA", "reportedCurrency": "USD", "cik": "0001318605", "fillingDate": "2018-11-02", "acceptedDate": "2018-11-01 20:38:56", "calendarYear": "2018", "period": "Q3", "revenue": 6824000000, "costOfRevenue": 5300000000, "grossProfit": 1524000000, "grossProfitRatio": 0.2233294256, "researchAndDevelopmentExpenses": 351000000, "generalAndAdministrativeExpenses": 730000000, "sellingAndMarketingExpenses": 0, "sellingGeneralAndAdministrativeExpenses": 730000000, "otherExpenses": 27000000, "operatingExpenses": 1108000000, "costAndExpenses": 6407656000, "interestIncome": 7000000, "interestExpense": 175000000, "depreciationAndAmortization": 502512000, "ebitda": 948512000, "ebitdaratio": 0.138996483, "operatingIncome": 416000000, "operatingIncomeRatio": 0.060961313, "totalOtherIncomeExpensesNet": -145000000, "incomeBeforeTax": 271000000, "incomeBeforeTaxRatio": 0.0397127784, "incomeTaxExpense": 17000000, "netIncome": 311000000, "netIncomeRatio": 0.0455744431, "eps": 0.12, "epsdiluted": 0.12, "weightedAverageShsOut": 2563395000, "weightedAverageShsOutDil": 2563395000, "link": "https://www.sec.gov/Archives/edgar/data/1318605/000156459018026353/0001564590-18-026353-index.htm", "finalLink": "https://www.sec.gov/Archives/edgar/data/1318605/000156459018026353/tsla-10q_20180930.htm"}, {"date": "2018-06-30", "symbol": "TSLA", "reportedCurrency": "USD", "cik": "0001318605", "fillingDate": "2018-08-06", "acceptedDate": "2018-08-03 21:56:44", "calendarYear": "2018", "period": "Q2", "revenue": 4002231000, "costOfRevenue": 3383301000, "grossProfit": 618930000, "grossProfitRatio": 0.1546462461, "researchAndDevelopmentExpenses": 386129000, "generalAndAdministrativeExpenses": 750759000, "sellingAndMarketingExpenses": 0, "sellingGeneralAndAdministrativeExpenses": 750759000, "otherExpenses": 103434000, "operatingExpenses": 1240322000, "costAndExpenses": 4623623000, "interestIncome": 5064000, "interestExpense": 163582000, "depreciationAndAmortization": 485255000, "ebitda": -80162000, "ebitdaratio": -0.0200293286, "operatingIncome": -621392000, "operatingIncomeRatio": -0.155261403, "totalOtherIncomeExpensesNet": -107607000, "incomeBeforeTax": -728999000, "incomeBeforeTaxRatio": -0.1821481569, "incomeTaxExpense": 13707000, "netIncome": -717539000, "netIncomeRatio": -0.1792847539, "eps": -0.28, "epsdiluted": -0.28, "weightedAverageShsOut": 2549955000, "weightedAverageShsOutDil": 2549955000, "link": "https://www.sec.gov/Archives/edgar/data/1318605/000156459018019254/0001564590-18-019254-index.htm", "finalLink": "https://www.sec.gov/Archives/edgar/data/1318605/000156459018019254/tsla-10q_20180630.htm"}, {"date": "2018-03-31", "symbol": "TSLA", "reportedCurrency": "USD", "cik": "0001318605", "fillingDate": "2018-05-07", "acceptedDate": "2018-05-04 21:46:25", "calendarYear": "2018", "period": "Q1", "revenue": 3408751000, "costOfRevenue": 2952225000, "grossProfit": 456526000, "grossProfitRatio": 0.1339276468, "researchAndDevelopmentExpenses": 367096000, "generalAndAdministrativeExpenses": 686404000, "sellingAndMarketingExpenses": 0, "sellingGeneralAndAdministrativeExpenses": 686404000, "otherExpenses": 0, "operatingExpenses": 1053500000, "costAndExpenses": 4005725000, "interestIncome": 5214000, "interestExpense": 149546000, "depreciationAndAmortization": 416233000, "ebitda": -213243000, "ebitdaratio": -0.0625575174, "operatingIncome": -596974000, "operatingIncomeRatio": -0.1751298349, "totalOtherIncomeExpensesNet": -182048000, "incomeBeforeTax": -779022000, "incomeBeforeTaxRatio": -0.2285359066, "incomeTaxExpense": 5605000, "netIncome": -709551000, "netIncomeRatio": -0.2081557145, "eps": -0.28, "epsdiluted": -0.28, "weightedAverageShsOut": 2537190000, "weightedAverageShsOutDil": 2537190000, "link": "https://www.sec.gov/Archives/edgar/data/1318605/000156459018011086/0001564590-18-011086-index.htm", "finalLink": "https://www.sec.gov/Archives/edgar/data/1318605/000156459018011086/tsla-10q_20180331.htm"}, {"date": "2017-12-31", "symbol": "TSLA", "reportedCurrency": "USD", "cik": "0001318605", "fillingDate": "2018-02-23", "acceptedDate": "2018-02-23 06:07:43", "calendarYear": "2017", "period": "Q4", "revenue": 3288249000, "costOfRevenue": 2849463000, "grossProfit": 438786000, "grossProfitRatio": 0.1334406245, "researchAndDevelopmentExpenses": 354637000, "generalAndAdministrativeExpenses": 615790000, "sellingAndMarketingExpenses": 66500000, "sellingGeneralAndAdministrativeExpenses": 682290000, "otherExpenses": 0, "operatingExpenses": 1036927000, "costAndExpenses": 3886390000, "interestIncome": 6280000, "interestExpense": 146363000, "depreciationAndAmortization": 469606000, "ebitda": -163932000, "ebitdaratio": -0.0498538888, "operatingIncome": -598141000, "operatingIncomeRatio": -0.1819025871, "totalOtherIncomeExpensesNet": -181760000, "incomeBeforeTax": -779901000, "incomeBeforeTaxRatio": -0.2371782064, "incomeTaxExpense": -9094000, "netIncome": -675350000, "netIncomeRatio": -0.2053828649, "eps": -0.27, "epsdiluted": -0.27, "weightedAverageShsOut": 2524710000, "weightedAverageShsOutDil": 2524710000, "link": "https://www.sec.gov/Archives/edgar/data/1318605/000156459018002956/0001564590-18-002956-index.htm", "finalLink": "https://www.sec.gov/Archives/edgar/data/1318605/000156459018002956/tsla-10k_20171231.htm"}, {"date": "2017-09-30", "symbol": "TSLA", "reportedCurrency": "USD", "cik": "0001318605", "fillingDate": "2017-11-03", "acceptedDate": "2017-11-02 19:56:36", "calendarYear": "2017", "period": "Q3", "revenue": 2984675000, "costOfRevenue": 2535535000, "grossProfit": 449140000, "grossProfitRatio": 0.1504820458, "researchAndDevelopmentExpenses": 331622000, "generalAndAdministrativeExpenses": 652998000, "sellingAndMarketingExpenses": 0, "sellingGeneralAndAdministrativeExpenses": 652998000, "otherExpenses": 0, "operatingExpenses": 984620000, "costAndExpenses": 3520155000, "interestIncome": 5531000, "interestExpense": 117109000, "depreciationAndAmortization": 400624000, "ebitda": -153715000, "ebitdaratio": -0.0515014198, "operatingIncome": -535480000, "operatingIncomeRatio": -0.1794098185, "totalOtherIncomeExpensesNet": -135968000, "incomeBeforeTax": -671448000, "incomeBeforeTaxRatio": -0.2249651972, "incomeTaxExpense": -285000, "netIncome": -619376000, "netIncomeRatio": -0.2075187416, "eps": -0.25, "epsdiluted": -0.25, "weightedAverageShsOut": 2509410000, "weightedAverageShsOutDil": 2509410000, "link": "https://www.sec.gov/Archives/edgar/data/1318605/000156459017021343/0001564590-17-021343-index.htm", "finalLink": "https://www.sec.gov/Archives/edgar/data/1318605/000156459017021343/tsla-10q_20170930.htm"}, {"date": "2017-06-30", "symbol": "TSLA", "reportedCurrency": "USD", "cik": "0001318605", "fillingDate": "2017-08-04", "acceptedDate": "2017-08-04 17:15:55", "calendarYear": "2017", "period": "Q2", "revenue": 2789557000, "costOfRevenue": 2122942000, "grossProfit": 666615000, "grossProfitRatio": 0.2389680512, "researchAndDevelopmentExpenses": 369774000, "generalAndAdministrativeExpenses": 537757000, "sellingAndMarketingExpenses": 0, "sellingGeneralAndAdministrativeExpenses": 537757000, "otherExpenses": 0, "operatingExpenses": 907531000, "costAndExpenses": 3030473000, "interestIncome": 4785000, "interestExpense": 108441000, "depreciationAndAmortization": 389171000, "ebitda": 111832000, "ebitdaratio": 0.0400895196, "operatingIncome": -240916000, "operatingIncomeRatio": -0.0863635337, "totalOtherIncomeExpensesNet": -144864000, "incomeBeforeTax": -385780000, "incomeBeforeTaxRatio": -0.13829436, "incomeTaxExpense": 15647000, "netIncome": -336397000, "netIncomeRatio": -0.1205915491, "eps": -0.14, "epsdiluted": -0.14, "weightedAverageShsOut": 2478180000, "weightedAverageShsOutDil": 2478180000, "link": "https://www.sec.gov/Archives/edgar/data/1318605/000156459017015705/0001564590-17-015705-index.htm", "finalLink": "https://www.sec.gov/Archives/edgar/data/1318605/000156459017015705/tsla-10q_20170630.htm"}, {"date": "2017-03-31", "symbol": "TSLA", "reportedCurrency": "USD", "cik": "0001318605", "fillingDate": "2017-05-10", "acceptedDate": "2017-05-09 17:56:24", "calendarYear": "2017", "period": "Q1", "revenue": 2696270000, "costOfRevenue": 2028324000, "grossProfit": 667946000, "grossProfitRatio": 0.2477296413, "researchAndDevelopmentExpenses": 322040000, "generalAndAdministrativeExpenses": 603455000, "sellingAndMarketingExpenses": 0, "sellingGeneralAndAdministrativeExpenses": 603455000, "otherExpenses": 0, "operatingExpenses": 925495000, "costAndExpenses": 2953819000, "interestIncome": 3090000, "interestExpense": 99346000, "depreciationAndAmortization": 376602000, "ebitda": 104045000, "ebitdaratio": 0.0385884945, "operatingIncome": -257549000, "operatingIncomeRatio": -0.0955204783, "totalOtherIncomeExpensesNet": -114354000, "incomeBeforeTax": -371903000, "incomeBeforeTaxRatio": -0.1379324029, "incomeTaxExpense": 25278000, "netIncome": -330277000, "netIncomeRatio": -0.1224940381, "eps": -0.14, "epsdiluted": -0.14, "weightedAverageShsOut": 2431935000, "weightedAverageShsOutDil": 2431935000, "link": "https://www.sec.gov/Archives/edgar/data/1318605/000156459017009968/0001564590-17-009968-index.htm", "finalLink": "https://www.sec.gov/Archives/edgar/data/1318605/000156459017009968/tsla-10q_20170331.htm"}, {"date": "2016-12-31", "symbol": "TSLA", "reportedCurrency": "USD", "cik": "0001318605", "fillingDate": "2017-03-01", "acceptedDate": "2017-03-01 16:54:21", "calendarYear": "2016", "period": "Q4", "revenue": 2284631000, "costOfRevenue": 1849353000, "grossProfit": 435278000, "grossProfitRatio": 0.1905244217, "researchAndDevelopmentExpenses": 245960000, "generalAndAdministrativeExpenses": 408016000, "sellingAndMarketingExpenses": 48000000, "sellingGeneralAndAdministrativeExpenses": 456016000, "otherExpenses": 0, "operatingExpenses": 701976000, "costAndExpenses": 2551329000, "interestIncome": 2179000, "interestExpense": 65104000, "depreciationAndAmortization": 326939000, "ebitda": 183644000, "ebitdaratio": 0.0803823462, "operatingIncome": -266698000, "operatingIncomeRatio": -0.1167357004, "totalOtherIncomeExpensesNet": 58299000, "incomeBeforeTax": -208399000, "incomeBeforeTaxRatio": -0.091217794, "incomeTaxExpense": 11070000, "netIncome": -121337000, "netIncomeRatio": -0.0531101084, "eps": -0.0522, "epsdiluted": -0.0522, "weightedAverageShsOut": 2325360000, "weightedAverageShsOutDil": 2325360000, "link": "https://www.sec.gov/Archives/edgar/data/1318605/000156459017003118/0001564590-17-003118-index.htm", "finalLink": "https://www.sec.gov/Archives/edgar/data/1318605/000156459017003118/tsla-10k_20161231.htm"}, {"date": "2016-09-30", "symbol": "TSLA", "reportedCurrency": "USD", "cik": "0001318605", "fillingDate": "2016-11-02", "acceptedDate": "2016-11-01 21:08:34", "calendarYear": "2016", "period": "Q3", "revenue": 2298436000, "costOfRevenue": 1661701000, "grossProfit": 636735000, "grossProfitRatio": 0.2770296845, "researchAndDevelopmentExpenses": 214302000, "generalAndAdministrativeExpenses": 336811000, "sellingAndMarketingExpenses": 0, "sellingGeneralAndAdministrativeExpenses": 336811000, "otherExpenses": 0, "operatingExpenses": 551113000, "costAndExpenses": 2212814000, "interestIncome": 2858000, "interestExpense": 46713000, "depreciationAndAmortization": 280468000, "ebitda": 357192000, "ebitdaratio": 0.155406546, "operatingIncome": 85622000, "operatingIncomeRatio": 0.0372522881, "totalOtherIncomeExpensesNet": -55611000, "incomeBeforeTax": 30011000, "incomeBeforeTaxRatio": 0.0130571397, "incomeTaxExpense": 8133000, "netIncome": 21878000, "netIncomeRatio": 0.0095186466, "eps": 0.0098, "epsdiluted": 0.0093, "weightedAverageShsOut": 2234865000, "weightedAverageShsOutDil": 2354025000, "link": "https://www.sec.gov/Archives/edgar/data/1318605/000156459016026820/0001564590-16-026820-index.htm", "finalLink": "https://www.sec.gov/Archives/edgar/data/1318605/000156459016026820/tsla-10q_20160930.htm"}, {"date": "2016-06-30", "symbol": "TSLA", "reportedCurrency": "USD", "cik": "0001318605", "fillingDate": "2016-08-05", "acceptedDate": "2016-08-05 17:21:19", "calendarYear": "2016", "period": "Q2", "revenue": 1270017000, "costOfRevenue": 995241000, "grossProfit": 274776000, "grossProfitRatio": 0.216356159, "researchAndDevelopmentExpenses": 191664000, "generalAndAdministrativeExpenses": 321152000, "sellingAndMarketingExpenses": 0, "sellingGeneralAndAdministrativeExpenses": 321152000, "otherExpenses": 0, "operatingExpenses": 512816000, "costAndExpenses": 1508057000, "interestIncome": 2242000, "interestExpense": 46368000, "depreciationAndAmortization": 183232000, "ebitda": -59939000, "ebitdaratio": -0.0471954312, "operatingIncome": -238040000, "operatingIncomeRatio": -0.187430562, "totalOtherIncomeExpensesNet": -51499000, "incomeBeforeTax": -289539000, "incomeBeforeTaxRatio": -0.2279804129, "incomeTaxExpense": 3649000, "netIncome": -293188000, "netIncomeRatio": -0.2308536027, "eps": -0.14, "epsdiluted": -0.14, "weightedAverageShsOut": 2099745000, "weightedAverageShsOutDil": 2099745000, "link": "https://www.sec.gov/Archives/edgar/data/1318605/000156459016023024/0001564590-16-023024-index.htm", "finalLink": "https://www.sec.gov/Archives/edgar/data/1318605/000156459016023024/tsla-10q_20160630.htm"}, {"date": "2016-03-31", "symbol": "TSLA", "reportedCurrency": "USD", "cik": "0001318605", "fillingDate": "2016-05-10", "acceptedDate": "2016-05-10 15:27:20", "calendarYear": "2016", "period": "Q1", "revenue": 1147048000, "costOfRevenue": 894580000, "grossProfit": 252468000, "grossProfitRatio": 0.2201023846, "researchAndDevelopmentExpenses": 182482000, "generalAndAdministrativeExpenses": 318210000, "sellingAndMarketingExpenses": 0, "sellingGeneralAndAdministrativeExpenses": 318210000, "otherExpenses": 0, "operatingExpenses": 500692000, "costAndExpenses": 1395272000, "interestIncome": 1251000, "interestExpense": 40625000, "depreciationAndAmortization": 156460000, "ebitda": -81336000, "ebitdaratio": -0.0709089768, "operatingIncome": -248224000, "operatingIncomeRatio": -0.2164024522, "totalOtherIncomeExpensesNet": -30197000, "incomeBeforeTax": -278421000, "incomeBeforeTaxRatio": -0.2427282904, "incomeTaxExpense": 3846000, "netIncome": -282267000, "netIncomeRatio": -0.2460812451, "eps": -0.14, "epsdiluted": -0.14, "weightedAverageShsOut": 1990140000, "weightedAverageShsOutDil": 1990140000, "link": "https://www.sec.gov/Archives/edgar/data/1318605/000156459016018886/0001564590-16-018886-index.htm", "finalLink": "https://www.sec.gov/Archives/edgar/data/1318605/000156459016018886/tsla-10q_20160331.htm"}, {"date": "2015-12-31", "symbol": "TSLA", "reportedCurrency": "USD", "cik": "0001318605", "fillingDate": "2016-02-24", "acceptedDate": "2016-02-24 16:17:56", "calendarYear": "2015", "period": "Q4", "revenue": 1214380000, "costOfRevenue": 995816000, "grossProfit": 218564000, "grossProfitRatio": 0.1799799074, "researchAndDevelopmentExpenses": 190243000, "generalAndAdministrativeExpenses": 230354000, "sellingAndMarketingExpenses": 58300000, "sellingGeneralAndAdministrativeExpenses": 288654000, "otherExpenses": 0, "operatingExpenses": 478897000, "costAndExpenses": 1474713000, "interestIncome": 750000, "interestExpense": 38617000, "depreciationAndAmortization": 143723000, "ebitda": -133009000, "ebitdaratio": -0.109528319, "operatingIncome": -260333000, "operatingIncomeRatio": -0.2143752367, "totalOtherIncomeExpensesNet": -55016000, "incomeBeforeTax": -315349000, "incomeBeforeTaxRatio": -0.2596790132, "incomeTaxExpense": 5048000, "netIncome": -320397000, "netIncomeRatio": -0.2638358669, "eps": -0.16, "epsdiluted": -0.16, "weightedAverageShsOut": 1966500000, "weightedAverageShsOutDil": 1966500000, "link": "https://www.sec.gov/Archives/edgar/data/1318605/000156459016013195/0001564590-16-013195-index.htm", "finalLink": "https://www.sec.gov/Archives/edgar/data/1318605/000156459016013195/tsla-10k_20151231.htm"}, {"date": "2015-09-30", "symbol": "TSLA", "reportedCurrency": "USD", "cik": "0001318605", "fillingDate": "2015-11-05", "acceptedDate": "2015-11-05 17:15:13", "calendarYear": "2015", "period": "Q3", "revenue": 936789000, "costOfRevenue": 705293000, "grossProfit": 231496000, "grossProfitRatio": 0.2471164798, "researchAndDevelopmentExpenses": 178791000, "generalAndAdministrativeExpenses": 236367000, "sellingAndMarketingExpenses": 0, "sellingGeneralAndAdministrativeExpenses": 236367000, "otherExpenses": 0, "operatingExpenses": 415158000, "costAndExpenses": 1120451000, "interestIncome": 327000, "interestExpense": 29308000, "depreciationAndAmortization": 110366000, "ebitda": -88400000, "ebitdaratio": -0.0943648997, "operatingIncome": -183662000, "operatingIncomeRatio": -0.1960548213, "totalOtherIncomeExpensesNet": -44412000, "incomeBeforeTax": -228074000, "incomeBeforeTaxRatio": -0.2434635761, "incomeTaxExpense": 1784000, "netIncome": -229858000, "netIncomeRatio": -0.2453679537, "eps": -0.12, "epsdiluted": -0.12, "weightedAverageShsOut": 1935090000, "weightedAverageShsOutDil": 1935090000, "link": "https://www.sec.gov/Archives/edgar/data/1318605/000156459015009741/0001564590-15-009741-index.htm", "finalLink": "https://www.sec.gov/Archives/edgar/data/1318605/000156459015009741/tsla-10q_20150930.htm"}]