[{"date": "2025-03-31", "symbol": "MSFT", "reportedCurrency": "USD", "cik": "0000789019", "fillingDate": "2025-04-30", "acceptedDate": "2025-04-30 16:08:52", "calendarYear": "2025", "period": "Q3", "revenue": 70066000000, "costOfRevenue": 21919000000, "grossProfit": 48147000000, "grossProfitRatio": 0.687166386, "researchAndDevelopmentExpenses": 8198000000, "generalAndAdministrativeExpenses": 1737000000, "sellingAndMarketingExpenses": 6212000000, "sellingGeneralAndAdministrativeExpenses": 7949000000, "otherExpenses": 0, "operatingExpenses": 16147000000, "costAndExpenses": 38066000000, "interestIncome": 597000000, "interestExpense": 594000000, "depreciationAndAmortization": 8740000000, "ebitda": 40711000000, "ebitdaratio": 0.5810378786, "operatingIncome": 32000000000, "operatingIncomeRatio": 0.4567122427, "totalOtherIncomeExpensesNet": -623000000, "incomeBeforeTax": 31377000000, "incomeBeforeTaxRatio": 0.4478206263, "incomeTaxExpense": 5553000000, "netIncome": 25824000000, "netIncomeRatio": 0.3685667799, "eps": 3.47, "epsdiluted": 3.46, "weightedAverageShsOut": 7434000000, "weightedAverageShsOutDil": 7461000000, "link": "https://www.sec.gov/Archives/edgar/data/789019/000095017025061046/0000950170-25-061046-index.htm", "finalLink": "https://www.sec.gov/Archives/edgar/data/789019/000095017025061046/msft-20250331.htm"}, {"date": "2024-12-31", "symbol": "MSFT", "reportedCurrency": "USD", "cik": "0000789019", "fillingDate": "2025-01-29", "acceptedDate": "2025-01-29 16:11:54", "calendarYear": "2025", "period": "Q2", "revenue": 69632000000, "costOfRevenue": 21799000000, "grossProfit": 47833000000, "grossProfitRatio": 0.6869399127, "researchAndDevelopmentExpenses": 7917000000, "generalAndAdministrativeExpenses": 1823000000, "sellingAndMarketingExpenses": 6440000000, "sellingGeneralAndAdministrativeExpenses": 8263000000, "otherExpenses": 0, "operatingExpenses": 16180000000, "costAndExpenses": 37979000000, "interestIncome": 600000000, "interestExpense": 594000000, "depreciationAndAmortization": 6827000000, "ebitda": 36786000000, "ebitdaratio": 0.5282915901, "operatingIncome": 31653000000, "operatingIncomeRatio": 0.4545754825, "totalOtherIncomeExpensesNet": -2288000000, "incomeBeforeTax": 29365000000, "incomeBeforeTaxRatio": 0.4217170267, "incomeTaxExpense": 5257000000, "netIncome": 24108000000, "netIncomeRatio": 0.3462201287, "eps": 3.24, "epsdiluted": 3.23, "weightedAverageShsOut": 7435000000, "weightedAverageShsOutDil": 7468000000, "link": "https://www.sec.gov/Archives/edgar/data/789019/000095017025010491/0000950170-25-010491-index.htm", "finalLink": "https://www.sec.gov/Archives/edgar/data/789019/000095017025010491/msft-20241231.htm"}, {"date": "2024-09-30", "symbol": "MSFT", "reportedCurrency": "USD", "cik": "0000789019", "fillingDate": "2024-10-30", "acceptedDate": "2024-10-30 16:07:17", "calendarYear": "2025", "period": "Q1", "revenue": 65585000000, "costOfRevenue": 20099000000, "grossProfit": 45486000000, "grossProfitRatio": 0.6935427308, "researchAndDevelopmentExpenses": 7544000000, "generalAndAdministrativeExpenses": 1673000000, "sellingAndMarketingExpenses": 5717000000, "sellingGeneralAndAdministrativeExpenses": 7390000000, "otherExpenses": 0, "operatingExpenses": 14934000000, "costAndExpenses": 35033000000, "interestIncome": 681000000, "interestExpense": 582000000, "depreciationAndAmortization": 7383000000, "ebitda": 38234000000, "ebitdaratio": 0.5829686666, "operatingIncome": 30552000000, "operatingIncomeRatio": 0.4658382252, "totalOtherIncomeExpensesNet": -283000000, "incomeBeforeTax": 30269000000, "incomeBeforeTaxRatio": 0.4615232141, "incomeTaxExpense": 5602000000, "netIncome": 24667000000, "netIncomeRatio": 0.3761073416, "eps": 3.32, "epsdiluted": 3.3, "weightedAverageShsOut": 7433000000, "weightedAverageShsOutDil": 7470000000, "link": "https://www.sec.gov/Archives/edgar/data/789019/000095017024118967/0000950170-24-118967-index.htm", "finalLink": "https://www.sec.gov/Archives/edgar/data/789019/000095017024118967/msft-20240930.htm"}, {"date": "2024-06-30", "symbol": "MSFT", "reportedCurrency": "USD", "cik": "0000789019", "fillingDate": "2024-07-30", "acceptedDate": "2024-07-30 16:06:22", "calendarYear": "2024", "period": "Q4", "revenue": 64727000000, "costOfRevenue": 19684000000, "grossProfit": 45043000000, "grossProfitRatio": 0.6958919771, "researchAndDevelopmentExpenses": 8056000000, "generalAndAdministrativeExpenses": 2246000000, "sellingAndMarketingExpenses": 6816000000, "sellingGeneralAndAdministrativeExpenses": 9062000000, "otherExpenses": 0, "operatingExpenses": 17118000000, "costAndExpenses": 36802000000, "interestIncome": 638000000, "interestExpense": 701000000, "depreciationAndAmortization": 6380000000, "ebitda": 34331000000, "ebitdaratio": 0.5303968977, "operatingIncome": 27925000000, "operatingIncomeRatio": 0.4314273796, "totalOtherIncomeExpensesNet": -675000000, "incomeBeforeTax": 27250000000, "incomeBeforeTaxRatio": 0.4209989649, "incomeTaxExpense": 5214000000, "netIncome": 22036000000, "netIncomeRatio": 0.3404452547, "eps": 2.96, "epsdiluted": 2.95, "weightedAverageShsOut": 7433000000, "weightedAverageShsOutDil": 7472000000, "link": "https://www.sec.gov/Archives/edgar/data/789019/000095017024087843/0000950170-24-087843-index.htm", "finalLink": "https://www.sec.gov/Archives/edgar/data/789019/000095017024087843/msft-20240630.htm"}, {"date": "2024-03-31", "symbol": "MSFT", "reportedCurrency": "USD", "cik": "0000789019", "fillingDate": "2024-04-25", "acceptedDate": "2024-04-25 16:06:24", "calendarYear": "2024", "period": "Q3", "revenue": 61858000000, "costOfRevenue": 18505000000, "grossProfit": 43353000000, "grossProfitRatio": 0.7008471014, "researchAndDevelopmentExpenses": 7653000000, "generalAndAdministrativeExpenses": 1912000000, "sellingAndMarketingExpenses": 6207000000, "sellingGeneralAndAdministrativeExpenses": 8119000000, "otherExpenses": 0, "operatingExpenses": 15772000000, "costAndExpenses": 34277000000, "interestIncome": 619000000, "interestExpense": 800000000, "depreciationAndAmortization": 6027000000, "ebitda": 33554000000, "ebitdaratio": 0.5424359016, "operatingIncome": 27581000000, "operatingIncomeRatio": 0.4458760387, "totalOtherIncomeExpensesNet": -854000000, "incomeBeforeTax": 26727000000, "incomeBeforeTaxRatio": 0.4320702254, "incomeTaxExpense": 4788000000, "netIncome": 21939000000, "netIncomeRatio": 0.3546671409, "eps": 2.95, "epsdiluted": 2.94, "weightedAverageShsOut": 7431000000, "weightedAverageShsOutDil": 7472000000, "link": "https://www.sec.gov/Archives/edgar/data/789019/000095017024048288/0000950170-24-048288-index.htm", "finalLink": "https://www.sec.gov/Archives/edgar/data/789019/000095017024048288/msft-20240331.htm"}, {"date": "2023-12-31", "symbol": "MSFT", "reportedCurrency": "USD", "cik": "0000789019", "fillingDate": "2024-01-30", "acceptedDate": "2024-01-30 16:05:46", "calendarYear": "2024", "period": "Q2", "revenue": 62020000000, "costOfRevenue": 19623000000, "grossProfit": 42397000000, "grossProfitRatio": 0.6836020639, "researchAndDevelopmentExpenses": 7142000000, "generalAndAdministrativeExpenses": 1977000000, "sellingAndMarketingExpenses": 6246000000, "sellingGeneralAndAdministrativeExpenses": 8223000000, "otherExpenses": 0, "operatingExpenses": 15365000000, "costAndExpenses": 34988000000, "interestIncome": 734000000, "interestExpense": 909000000, "depreciationAndAmortization": 5959000000, "ebitda": 33394000000, "ebitdaratio": 0.5384392132, "operatingIncome": 27032000000, "operatingIncomeRatio": 0.4358594002, "totalOtherIncomeExpensesNet": -506000000, "incomeBeforeTax": 26526000000, "incomeBeforeTaxRatio": 0.4277007417, "incomeTaxExpense": 4656000000, "netIncome": 21870000000, "netIncomeRatio": 0.3526281845, "eps": 2.94, "epsdiluted": 2.93, "weightedAverageShsOut": 7432000000, "weightedAverageShsOutDil": 7468000000, "link": "https://www.sec.gov/Archives/edgar/data/789019/000095017024008814/0000950170-24-008814-index.htm", "finalLink": "https://www.sec.gov/Archives/edgar/data/789019/000095017024008814/msft-20231231.htm"}, {"date": "2023-09-30", "symbol": "MSFT", "reportedCurrency": "USD", "cik": "0000789019", "fillingDate": "2023-10-24", "acceptedDate": "2023-10-24 16:07:40", "calendarYear": "2024", "period": "Q1", "revenue": 56517000000, "costOfRevenue": 16302000000, "grossProfit": 40215000000, "grossProfitRatio": 0.7115558151, "researchAndDevelopmentExpenses": 6659000000, "generalAndAdministrativeExpenses": 1474000000, "sellingAndMarketingExpenses": 5187000000, "sellingGeneralAndAdministrativeExpenses": 6661000000, "otherExpenses": 0, "operatingExpenses": 13320000000, "costAndExpenses": 29622000000, "interestIncome": 1166000000, "interestExpense": 525000000, "depreciationAndAmortization": 3921000000, "ebitda": 31730000000, "ebitdaratio": 0.5614239963, "operatingIncome": 26895000000, "operatingIncomeRatio": 0.4758745156, "totalOtherIncomeExpensesNet": 389000000, "incomeBeforeTax": 27284000000, "incomeBeforeTaxRatio": 0.4827574004, "incomeTaxExpense": 4993000000, "netIncome": 22291000000, "netIncomeRatio": 0.3944123007, "eps": 3, "epsdiluted": 2.99, "weightedAverageShsOut": 7429000000, "weightedAverageShsOutDil": 7462000000, "link": "https://www.sec.gov/Archives/edgar/data/789019/000095017023054855/0000950170-23-054855-index.htm", "finalLink": "https://www.sec.gov/Archives/edgar/data/789019/000095017023054855/msft-20230930.htm"}, {"date": "2023-06-30", "symbol": "MSFT", "reportedCurrency": "USD", "cik": "0000789019", "fillingDate": "2023-07-27", "acceptedDate": "2023-07-27 16:01:56", "calendarYear": "2023", "period": "Q4", "revenue": 56189000000, "costOfRevenue": 16795000000, "grossProfit": 39394000000, "grossProfitRatio": 0.7010980797, "researchAndDevelopmentExpenses": 6739000000, "generalAndAdministrativeExpenses": 2197000000, "sellingAndMarketingExpenses": 6204000000, "sellingGeneralAndAdministrativeExpenses": 8401000000, "otherExpenses": 0, "operatingExpenses": 15140000000, "costAndExpenses": 31935000000, "interestIncome": 905000000, "interestExpense": 482000000, "depreciationAndAmortization": 3874000000, "ebitda": 29083000000, "ebitdaratio": 0.5175924113, "operatingIncome": 24254000000, "operatingIncomeRatio": 0.431650323, "totalOtherIncomeExpensesNet": 473000000, "incomeBeforeTax": 24727000000, "incomeBeforeTaxRatio": 0.4400683408, "incomeTaxExpense": 4646000000, "netIncome": 20081000000, "netIncomeRatio": 0.3573831177, "eps": 2.7, "epsdiluted": 2.69, "weightedAverageShsOut": 7434000000, "weightedAverageShsOutDil": 7467000000, "link": "https://www.sec.gov/Archives/edgar/data/789019/000095017023035122/0000950170-23-035122-index.htm", "finalLink": "https://www.sec.gov/Archives/edgar/data/789019/000095017023035122/msft-20230630.htm"}, {"date": "2023-03-31", "symbol": "MSFT", "reportedCurrency": "USD", "cik": "0000789019", "fillingDate": "2023-04-25", "acceptedDate": "2023-04-25 16:07:43", "calendarYear": "2023", "period": "Q3", "revenue": 52857000000, "costOfRevenue": 16128000000, "grossProfit": 36729000000, "grossProfitRatio": 0.694874851, "researchAndDevelopmentExpenses": 6984000000, "generalAndAdministrativeExpenses": 1643000000, "sellingAndMarketingExpenses": 5750000000, "sellingGeneralAndAdministrativeExpenses": 7393000000, "otherExpenses": 0, "operatingExpenses": 14377000000, "costAndExpenses": 30505000000, "interestIncome": 748000000, "interestExpense": 496000000, "depreciationAndAmortization": 3549000000, "ebitda": 26718000000, "ebitdaratio": 0.5054770418, "operatingIncome": 22352000000, "operatingIncomeRatio": 0.4228768186, "totalOtherIncomeExpensesNet": 321000000, "incomeBeforeTax": 22673000000, "incomeBeforeTaxRatio": 0.428949808, "incomeTaxExpense": 4374000000, "netIncome": 18299000000, "netIncomeRatio": 0.346198233, "eps": 2.46, "epsdiluted": 2.45, "weightedAverageShsOut": 7441000000, "weightedAverageShsOutDil": 7464000000, "link": "https://www.sec.gov/Archives/edgar/data/789019/000095017023014423/0000950170-23-014423-index.htm", "finalLink": "https://www.sec.gov/Archives/edgar/data/789019/000095017023014423/msft-20230331.htm"}, {"date": "2022-12-31", "symbol": "MSFT", "reportedCurrency": "USD", "cik": "0000789019", "fillingDate": "2023-01-24", "acceptedDate": "2023-01-24 16:34:20", "calendarYear": "2023", "period": "Q2", "revenue": 52747000000, "costOfRevenue": 17488000000, "grossProfit": 35259000000, "grossProfitRatio": 0.668455078, "researchAndDevelopmentExpenses": 6844000000, "generalAndAdministrativeExpenses": 2337000000, "sellingAndMarketingExpenses": 5679000000, "sellingGeneralAndAdministrativeExpenses": 8016000000, "otherExpenses": 0, "operatingExpenses": 14860000000, "costAndExpenses": 32348000000, "interestIncome": 700000000, "interestExpense": 490000000, "depreciationAndAmortization": 3648000000, "ebitda": 24477000000, "ebitdaratio": 0.4640453486, "operatingIncome": 20399000000, "operatingIncomeRatio": 0.3867328948, "totalOtherIncomeExpensesNet": -60000000, "incomeBeforeTax": 20339000000, "incomeBeforeTaxRatio": 0.3855953893, "incomeTaxExpense": 3914000000, "netIncome": 16425000000, "netIncomeRatio": 0.3113921171, "eps": 2.2, "epsdiluted": 2.2, "weightedAverageShsOut": 7451000000, "weightedAverageShsOutDil": 7473000000, "link": "https://www.sec.gov/Archives/edgar/data/789019/000156459023000733/0001564590-23-000733-index.htm", "finalLink": "https://www.sec.gov/Archives/edgar/data/789019/000156459023000733/msft-10q_20221231.htm"}, {"date": "2022-09-30", "symbol": "MSFT", "reportedCurrency": "USD", "cik": "0000789019", "fillingDate": "2022-10-25", "acceptedDate": "2022-10-25 16:08:55", "calendarYear": "2023", "period": "Q1", "revenue": 50122000000, "costOfRevenue": 15452000000, "grossProfit": 34670000000, "grossProfitRatio": 0.6917122222, "researchAndDevelopmentExpenses": 6628000000, "generalAndAdministrativeExpenses": 1398000000, "sellingAndMarketingExpenses": 5126000000, "sellingGeneralAndAdministrativeExpenses": 6524000000, "otherExpenses": 0, "operatingExpenses": 13152000000, "costAndExpenses": 28604000000, "interestIncome": 641000000, "interestExpense": 500000000, "depreciationAndAmortization": 2790000000, "ebitda": 24862000000, "ebitdaratio": 0.4960296876, "operatingIncome": 21518000000, "operatingIncomeRatio": 0.4293124776, "totalOtherIncomeExpensesNet": 54000000, "incomeBeforeTax": 21572000000, "incomeBeforeTaxRatio": 0.4303898488, "incomeTaxExpense": 4016000000, "netIncome": 17556000000, "netIncomeRatio": 0.3502653525, "eps": 2.35, "epsdiluted": 2.35, "weightedAverageShsOut": 7457000000, "weightedAverageShsOutDil": 7485000000, "link": "https://www.sec.gov/Archives/edgar/data/789019/000156459022035087/0001564590-22-035087-index.htm", "finalLink": "https://www.sec.gov/Archives/edgar/data/789019/000156459022035087/msft-10q_20220930.htm"}, {"date": "2022-06-30", "symbol": "MSFT", "reportedCurrency": "USD", "cik": "0000789019", "fillingDate": "2022-07-28", "acceptedDate": "2022-07-28 16:06:19", "calendarYear": "2022", "period": "Q4", "revenue": 51865000000, "costOfRevenue": 16429000000, "grossProfit": 35436000000, "grossProfitRatio": 0.6832353225, "researchAndDevelopmentExpenses": 6849000000, "generalAndAdministrativeExpenses": 1749000000, "sellingAndMarketingExpenses": 6304000000, "sellingGeneralAndAdministrativeExpenses": 8053000000, "otherExpenses": 0, "operatingExpenses": 14902000000, "costAndExpenses": 31331000000, "interestIncome": 552000000, "interestExpense": 496000000, "depreciationAndAmortization": 3979000000, "ebitda": 24962000000, "ebitdaratio": 0.4812879591, "operatingIncome": 20534000000, "operatingIncomeRatio": 0.3959124651, "totalOtherIncomeExpensesNet": -47000000, "incomeBeforeTax": 20487000000, "incomeBeforeTaxRatio": 0.3950062663, "incomeTaxExpense": 3747000000, "netIncome": 16740000000, "netIncomeRatio": 0.3227610142, "eps": 2.24, "epsdiluted": 2.23, "weightedAverageShsOut": 7474000000, "weightedAverageShsOutDil": 7506000000, "link": "https://www.sec.gov/Archives/edgar/data/789019/000156459022026876/0001564590-22-026876-index.htm", "finalLink": "https://www.sec.gov/Archives/edgar/data/789019/000156459022026876/msft-10k_20220630.htm"}, {"date": "2022-03-31", "symbol": "MSFT", "reportedCurrency": "USD", "cik": "0000789019", "fillingDate": "2022-04-26", "acceptedDate": "2022-04-26 16:08:55", "calendarYear": "2022", "period": "Q3", "revenue": 49360000000, "costOfRevenue": 15615000000, "grossProfit": 33745000000, "grossProfitRatio": 0.6836507293, "researchAndDevelopmentExpenses": 6306000000, "generalAndAdministrativeExpenses": 1480000000, "sellingAndMarketingExpenses": 5595000000, "sellingGeneralAndAdministrativeExpenses": 7075000000, "otherExpenses": 0, "operatingExpenses": 13381000000, "costAndExpenses": 28996000000, "interestIncome": 519000000, "interestExpense": 503000000, "depreciationAndAmortization": 3773000000, "ebitda": 24466000000, "ebitdaratio": 0.4956645057, "operatingIncome": 20364000000, "operatingIncomeRatio": 0.412560778, "totalOtherIncomeExpensesNet": -174000000, "incomeBeforeTax": 20190000000, "incomeBeforeTaxRatio": 0.4090356564, "incomeTaxExpense": 3462000000, "netIncome": 16728000000, "netIncomeRatio": 0.338897893, "eps": 2.23, "epsdiluted": 2.22, "weightedAverageShsOut": 7493000000, "weightedAverageShsOutDil": 7534000000, "link": "https://www.sec.gov/Archives/edgar/data/789019/000156459022015675/0001564590-22-015675-index.htm", "finalLink": "https://www.sec.gov/Archives/edgar/data/789019/000156459022015675/msft-10q_20220331.htm"}, {"date": "2021-12-31", "symbol": "MSFT", "reportedCurrency": "USD", "cik": "0000789019", "fillingDate": "2022-01-25", "acceptedDate": "2022-01-25 16:09:04", "calendarYear": "2022", "period": "Q2", "revenue": 51728000000, "costOfRevenue": 16960000000, "grossProfit": 34768000000, "grossProfitRatio": 0.6721311475, "researchAndDevelopmentExpenses": 5758000000, "generalAndAdministrativeExpenses": 1384000000, "sellingAndMarketingExpenses": 5379000000, "sellingGeneralAndAdministrativeExpenses": 6763000000, "otherExpenses": 0, "operatingExpenses": 12521000000, "costAndExpenses": 29481000000, "interestIncome": 503000000, "interestExpense": 525000000, "depreciationAndAmortization": 3496000000, "ebitda": 26536000000, "ebitdaratio": 0.51299103, "operatingIncome": 22247000000, "operatingIncomeRatio": 0.4300765543, "totalOtherIncomeExpensesNet": 268000000, "incomeBeforeTax": 22515000000, "incomeBeforeTaxRatio": 0.4352575008, "incomeTaxExpense": 3750000000, "netIncome": 18765000000, "netIncomeRatio": 0.3627629137, "eps": 2.5, "epsdiluted": 2.48, "weightedAverageShsOut": 7505000000, "weightedAverageShsOutDil": 7555000000, "link": "https://www.sec.gov/Archives/edgar/data/789019/000156459022002324/0001564590-22-002324-index.htm", "finalLink": "https://www.sec.gov/Archives/edgar/data/789019/000156459022002324/msft-10q_20211231.htm"}, {"date": "2021-09-30", "symbol": "MSFT", "reportedCurrency": "USD", "cik": "0000789019", "fillingDate": "2021-10-26", "acceptedDate": "2021-10-26 16:11:30", "calendarYear": "2022", "period": "Q1", "revenue": 45317000000, "costOfRevenue": 13646000000, "grossProfit": 31671000000, "grossProfitRatio": 0.6988768012, "researchAndDevelopmentExpenses": 5599000000, "generalAndAdministrativeExpenses": 1287000000, "sellingAndMarketingExpenses": 4547000000, "sellingGeneralAndAdministrativeExpenses": 5834000000, "otherExpenses": 0, "operatingExpenses": 11433000000, "costAndExpenses": 25079000000, "interestIncome": 520000000, "interestExpense": 539000000, "depreciationAndAmortization": 3212000000, "ebitda": 24275000000, "ebitdaratio": 0.5356709403, "operatingIncome": 20238000000, "operatingIncomeRatio": 0.4465873734, "totalOtherIncomeExpensesNet": 286000000, "incomeBeforeTax": 20524000000, "incomeBeforeTaxRatio": 0.4528984708, "incomeTaxExpense": 19000000, "netIncome": 20505000000, "netIncomeRatio": 0.4524792021, "eps": 2.73, "epsdiluted": 2.71, "weightedAverageShsOut": 7513000000, "weightedAverageShsOutDil": 7567000000, "link": "https://www.sec.gov/Archives/edgar/data/789019/000156459021051992/0001564590-21-051992-index.htm", "finalLink": "https://www.sec.gov/Archives/edgar/data/789019/000156459021051992/msft-10q_20210930.htm"}, {"date": "2021-06-30", "symbol": "MSFT", "reportedCurrency": "USD", "cik": "0000789019", "fillingDate": "2021-07-29", "acceptedDate": "2021-07-29 16:21:55", "calendarYear": "2021", "period": "Q4", "revenue": 46152000000, "costOfRevenue": 13991000000, "grossProfit": 32161000000, "grossProfitRatio": 0.6968495406, "researchAndDevelopmentExpenses": 5687000000, "generalAndAdministrativeExpenses": 1522000000, "sellingAndMarketingExpenses": 5857000000, "sellingGeneralAndAdministrativeExpenses": 7379000000, "otherExpenses": 0, "operatingExpenses": 13066000000, "costAndExpenses": 27057000000, "interestIncome": 497000000, "interestExpense": 553000000, "depreciationAndAmortization": 3344000000, "ebitda": 23302000000, "ebitdaratio": 0.5048968625, "operatingIncome": 19095000000, "operatingIncomeRatio": 0.4137415497, "totalOtherIncomeExpensesNet": 310000000, "incomeBeforeTax": 19405000000, "incomeBeforeTaxRatio": 0.420458485, "incomeTaxExpense": 2947000000, "netIncome": 16458000000, "netIncomeRatio": 0.3566042642, "eps": 2.19, "epsdiluted": 2.17, "weightedAverageShsOut": 7527000000, "weightedAverageShsOutDil": 7581000000, "link": "https://www.sec.gov/Archives/edgar/data/789019/000156459021039151/0001564590-21-039151-index.htm", "finalLink": "https://www.sec.gov/Archives/edgar/data/789019/000156459021039151/msft-10k_20210630.htm"}, {"date": "2021-03-31", "symbol": "MSFT", "reportedCurrency": "USD", "cik": "0000789019", "fillingDate": "2021-04-27", "acceptedDate": "2021-04-27 16:09:38", "calendarYear": "2021", "period": "Q3", "revenue": 41706000000, "costOfRevenue": 13045000000, "grossProfit": 28661000000, "grossProfitRatio": 0.6872152688, "researchAndDevelopmentExpenses": 5204000000, "generalAndAdministrativeExpenses": 1327000000, "sellingAndMarketingExpenses": 5082000000, "sellingGeneralAndAdministrativeExpenses": 6409000000, "otherExpenses": 0, "operatingExpenses": 11613000000, "costAndExpenses": 24658000000, "interestIncome": 519000000, "interestExpense": 633000000, "depreciationAndAmortization": 2936000000, "ebitda": 20805000000, "ebitdaratio": 0.4988490865, "operatingIncome": 17048000000, "operatingIncomeRatio": 0.4087661248, "totalOtherIncomeExpensesNet": 188000000, "incomeBeforeTax": 17236000000, "incomeBeforeTaxRatio": 0.4132738695, "incomeTaxExpense": 1779000000, "netIncome": 15457000000, "netIncomeRatio": 0.3706181365, "eps": 2.05, "epsdiluted": 2.03, "weightedAverageShsOut": 7539000000, "weightedAverageShsOutDil": 7597000000, "link": "https://www.sec.gov/Archives/edgar/data/789019/000156459021020891/0001564590-21-020891-index.htm", "finalLink": "https://www.sec.gov/Archives/edgar/data/789019/000156459021020891/msft-10q_20210331.htm"}, {"date": "2020-12-31", "symbol": "MSFT", "reportedCurrency": "USD", "cik": "0000789019", "fillingDate": "2021-01-26", "acceptedDate": "2021-01-26 16:09:34", "calendarYear": "2021", "period": "Q2", "revenue": 43076000000, "costOfRevenue": 14194000000, "grossProfit": 28882000000, "grossProfitRatio": 0.6704893676, "researchAndDevelopmentExpenses": 4899000000, "generalAndAdministrativeExpenses": 1139000000, "sellingAndMarketingExpenses": 4947000000, "sellingGeneralAndAdministrativeExpenses": 6086000000, "otherExpenses": 0, "operatingExpenses": 10985000000, "costAndExpenses": 25179000000, "interestIncome": 545000000, "interestExpense": 571000000, "depreciationAndAmortization": 2761000000, "ebitda": 21669000000, "ebitdaratio": 0.5030411366, "operatingIncome": 17897000000, "operatingIncomeRatio": 0.4154749745, "totalOtherIncomeExpensesNet": 440000000, "incomeBeforeTax": 18337000000, "incomeBeforeTaxRatio": 0.4256894791, "incomeTaxExpense": 2874000000, "netIncome": 15463000000, "netIncomeRatio": 0.3589701922, "eps": 2.05, "epsdiluted": 2.03, "weightedAverageShsOut": 7555000000, "weightedAverageShsOutDil": 7616000000, "link": "https://www.sec.gov/Archives/edgar/data/789019/000156459021002316/0001564590-21-002316-index.htm", "finalLink": "https://www.sec.gov/Archives/edgar/data/789019/000156459021002316/msft-10q_20201231.htm"}, {"date": "2020-09-30", "symbol": "MSFT", "reportedCurrency": "USD", "cik": "0000789019", "fillingDate": "2020-10-27", "acceptedDate": "2020-10-27 16:21:58", "calendarYear": "2021", "period": "Q1", "revenue": 37154000000, "costOfRevenue": 11002000000, "grossProfit": 26152000000, "grossProfitRatio": 0.7038811433, "researchAndDevelopmentExpenses": 4926000000, "generalAndAdministrativeExpenses": 1119000000, "sellingAndMarketingExpenses": 4231000000, "sellingGeneralAndAdministrativeExpenses": 5350000000, "otherExpenses": 0, "operatingExpenses": 10276000000, "costAndExpenses": 21278000000, "interestIncome": 570000000, "interestExpense": 589000000, "depreciationAndAmortization": 2645000000, "ebitda": 19358000000, "ebitdaratio": 0.5210206169, "operatingIncome": 15876000000, "operatingIncomeRatio": 0.4273025785, "totalOtherIncomeExpensesNet": 248000000, "incomeBeforeTax": 16124000000, "incomeBeforeTaxRatio": 0.4339774991, "incomeTaxExpense": 2231000000, "netIncome": 13893000000, "netIncomeRatio": 0.3739301287, "eps": 1.84, "epsdiluted": 1.82, "weightedAverageShsOut": 7566000000, "weightedAverageShsOutDil": 7637000000, "link": "https://www.sec.gov/Archives/edgar/data/789019/000156459020047996/0001564590-20-047996-index.htm", "finalLink": "https://www.sec.gov/Archives/edgar/data/789019/000156459020047996/msft-10q_20200930.htm"}, {"date": "2020-06-30", "symbol": "MSFT", "reportedCurrency": "USD", "cik": "0000789019", "fillingDate": "2020-07-30", "acceptedDate": "2020-07-30 20:44:46", "calendarYear": "2020", "period": "Q4", "revenue": 38033000000, "costOfRevenue": 12339000000, "grossProfit": 25694000000, "grossProfitRatio": 0.6755712145, "researchAndDevelopmentExpenses": 5214000000, "generalAndAdministrativeExpenses": 1656000000, "sellingAndMarketingExpenses": 5417000000, "sellingGeneralAndAdministrativeExpenses": 7073000000, "otherExpenses": 0, "operatingExpenses": 12287000000, "costAndExpenses": 24626000000, "interestIncome": 595000000, "interestExpense": 686000000, "depreciationAndAmortization": 3504000000, "ebitda": 17612000000, "ebitdaratio": 0.4630715431, "operatingIncome": 13407000000, "operatingIncomeRatio": 0.3525096627, "totalOtherIncomeExpensesNet": 15000000, "incomeBeforeTax": 13422000000, "incomeBeforeTaxRatio": 0.352904057, "incomeTaxExpense": 2220000000, "netIncome": 11202000000, "netIncomeRatio": 0.2945336944, "eps": 1.48, "epsdiluted": 1.46, "weightedAverageShsOut": 7580000000, "weightedAverageShsOutDil": 7650000000, "link": "https://www.sec.gov/Archives/edgar/data/789019/000156459020034944/0001564590-20-034944-index.htm", "finalLink": "https://www.sec.gov/Archives/edgar/data/789019/000156459020034944/msft-10k_20200630.htm"}, {"date": "2020-03-31", "symbol": "MSFT", "reportedCurrency": "USD", "cik": "0000789019", "fillingDate": "2020-04-29", "acceptedDate": "2020-04-29 16:11:11", "calendarYear": "2020", "period": "Q3", "revenue": 35021000000, "costOfRevenue": 10975000000, "grossProfit": 24046000000, "grossProfitRatio": 0.6866166015, "researchAndDevelopmentExpenses": 4887000000, "generalAndAdministrativeExpenses": 1273000000, "sellingAndMarketingExpenses": 4911000000, "sellingGeneralAndAdministrativeExpenses": 6184000000, "otherExpenses": 0, "operatingExpenses": 11071000000, "costAndExpenses": 22046000000, "interestIncome": 673000000, "interestExpense": 614000000, "depreciationAndAmortization": 3118000000, "ebitda": 16575000000, "ebitdaratio": 0.4732874561, "operatingIncome": 12975000000, "operatingIncomeRatio": 0.3704919905, "totalOtherIncomeExpensesNet": -132000000, "incomeBeforeTax": 12843000000, "incomeBeforeTaxRatio": 0.3667228234, "incomeTaxExpense": 2091000000, "netIncome": 10752000000, "netIncomeRatio": 0.3070157905, "eps": 1.41, "epsdiluted": 1.4, "weightedAverageShsOut": 7602000000, "weightedAverageShsOutDil": 7675000000, "link": "https://www.sec.gov/Archives/edgar/data/789019/000156459020019706/0001564590-20-019706-index.htm", "finalLink": "https://www.sec.gov/Archives/edgar/data/789019/000156459020019706/msft-10q_20200331.htm"}, {"date": "2019-12-31", "symbol": "MSFT", "reportedCurrency": "USD", "cik": "0000789019", "fillingDate": "2020-01-29", "acceptedDate": "2020-01-29 16:08:43", "calendarYear": "2020", "period": "Q2", "revenue": 36906000000, "costOfRevenue": 12358000000, "grossProfit": 24548000000, "grossProfitRatio": 0.6651492982, "researchAndDevelopmentExpenses": 4603000000, "generalAndAdministrativeExpenses": 1121000000, "sellingAndMarketingExpenses": 4933000000, "sellingGeneralAndAdministrativeExpenses": 6054000000, "otherExpenses": 0, "operatingExpenses": 10657000000, "costAndExpenses": 23015000000, "interestIncome": 688000000, "interestExpense": 654000000, "depreciationAndAmortization": 3203000000, "ebitda": 17942000000, "ebitdaratio": 0.4861540129, "operatingIncome": 13891000000, "operatingIncomeRatio": 0.3763886631, "totalOtherIncomeExpensesNet": 194000000, "incomeBeforeTax": 14085000000, "incomeBeforeTaxRatio": 0.3816452609, "incomeTaxExpense": 2436000000, "netIncome": 11649000000, "netIncomeRatio": 0.3156397334, "eps": 1.53, "epsdiluted": 1.51, "weightedAverageShsOut": 7621000000, "weightedAverageShsOutDil": 7691000000, "link": "https://www.sec.gov/Archives/edgar/data/789019/000156459020002450/0001564590-20-002450-index.htm", "finalLink": "https://www.sec.gov/Archives/edgar/data/789019/000156459020002450/msft-10q_20191231.htm"}, {"date": "2019-09-30", "symbol": "MSFT", "reportedCurrency": "USD", "cik": "0000789019", "fillingDate": "2019-10-23", "acceptedDate": "2019-10-23 16:09:48", "calendarYear": "2020", "period": "Q1", "revenue": 33055000000, "costOfRevenue": 10406000000, "grossProfit": 22649000000, "grossProfitRatio": 0.6851913478, "researchAndDevelopmentExpenses": 4565000000, "generalAndAdministrativeExpenses": 1061000000, "sellingAndMarketingExpenses": 4337000000, "sellingGeneralAndAdministrativeExpenses": 5398000000, "otherExpenses": 0, "operatingExpenses": 9963000000, "costAndExpenses": 20369000000, "interestIncome": 724000000, "interestExpense": 637000000, "depreciationAndAmortization": 2971000000, "ebitda": 16294000000, "ebitdaratio": 0.4929360157, "operatingIncome": 12686000000, "operatingIncomeRatio": 0.3837846014, "totalOtherIncomeExpensesNet": 0, "incomeBeforeTax": 12686000000, "incomeBeforeTaxRatio": 0.3837846014, "incomeTaxExpense": 2008000000, "netIncome": 10678000000, "netIncomeRatio": 0.323037362, "eps": 1.4, "epsdiluted": 1.38, "weightedAverageShsOut": 7634000000, "weightedAverageShsOutDil": 7710000000, "link": "https://www.sec.gov/Archives/edgar/data/789019/000156459019037549/0001564590-19-037549-index.htm", "finalLink": "https://www.sec.gov/Archives/edgar/data/789019/000156459019037549/msft-10q_20190930.htm"}, {"date": "2019-06-30", "symbol": "MSFT", "reportedCurrency": "USD", "cik": "0000789019", "fillingDate": "2019-08-01", "acceptedDate": "2019-08-01 16:09:55", "calendarYear": "2019", "period": "Q4", "revenue": 33717000000, "costOfRevenue": 10412000000, "grossProfit": 23305000000, "grossProfitRatio": 0.691194353, "researchAndDevelopmentExpenses": 4513000000, "generalAndAdministrativeExpenses": 1425000000, "sellingAndMarketingExpenses": 4962000000, "sellingGeneralAndAdministrativeExpenses": 6387000000, "otherExpenses": 0, "operatingExpenses": 10900000000, "costAndExpenses": 21312000000, "interestIncome": 709000000, "interestExpense": 669000000, "depreciationAndAmortization": 2924000000, "ebitda": 16189000000, "ebitdaratio": 0.4801435478, "operatingIncome": 12405000000, "operatingIncomeRatio": 0.367915295, "totalOtherIncomeExpensesNet": 191000000, "incomeBeforeTax": 12596000000, "incomeBeforeTaxRatio": 0.3735800931, "incomeTaxExpense": -591000000, "netIncome": 13187000000, "netIncomeRatio": 0.391108343, "eps": 1.72, "epsdiluted": 1.71, "weightedAverageShsOut": 7655000000, "weightedAverageShsOutDil": 7730000000, "link": "https://www.sec.gov/Archives/edgar/data/789019/000156459019027952/0001564590-19-027952-index.htm", "finalLink": "https://www.sec.gov/Archives/edgar/data/789019/000156459019027952/msft-10k_20190630.htm"}, {"date": "2019-03-31", "symbol": "MSFT", "reportedCurrency": "USD", "cik": "0000789019", "fillingDate": "2019-04-24", "acceptedDate": "2019-04-24 16:10:10", "calendarYear": "2019", "period": "Q3", "revenue": 30571000000, "costOfRevenue": 10170000000, "grossProfit": 20401000000, "grossProfitRatio": 0.667331785, "researchAndDevelopmentExpenses": 4316000000, "generalAndAdministrativeExpenses": 1179000000, "sellingAndMarketingExpenses": 4565000000, "sellingGeneralAndAdministrativeExpenses": 5744000000, "otherExpenses": 0, "operatingExpenses": 10060000000, "costAndExpenses": 20230000000, "interestIncome": 668000000, "interestExpense": 671000000, "depreciationAndAmortization": 2926000000, "ebitda": 14083000000, "ebitdaratio": 0.4606653364, "operatingIncome": 10341000000, "operatingIncomeRatio": 0.3382617513, "totalOtherIncomeExpensesNet": 145000000, "incomeBeforeTax": 10486000000, "incomeBeforeTaxRatio": 0.3430048085, "incomeTaxExpense": 1677000000, "netIncome": 8809000000, "netIncomeRatio": 0.2881488993, "eps": 1.15, "epsdiluted": 1.14, "weightedAverageShsOut": 7672000000, "weightedAverageShsOutDil": 7744000000, "link": "https://www.sec.gov/Archives/edgar/data/789019/000156459019012709/0001564590-19-012709-index.htm", "finalLink": "https://www.sec.gov/Archives/edgar/data/789019/000156459019012709/msft-10q_20190331.htm"}, {"date": "2018-12-31", "symbol": "MSFT", "reportedCurrency": "USD", "cik": "0000789019", "fillingDate": "2019-01-30", "acceptedDate": "2019-01-30 16:09:56", "calendarYear": "2019", "period": "Q2", "revenue": 32471000000, "costOfRevenue": 12423000000, "grossProfit": 20048000000, "grossProfitRatio": 0.6174124603, "researchAndDevelopmentExpenses": 4070000000, "generalAndAdministrativeExpenses": 1132000000, "sellingAndMarketingExpenses": 4588000000, "sellingGeneralAndAdministrativeExpenses": 5720000000, "otherExpenses": 0, "operatingExpenses": 9790000000, "costAndExpenses": 22213000000, "interestIncome": 704000000, "interestExpense": 672000000, "depreciationAndAmortization": 2995000000, "ebitda": 14052000000, "ebitdaratio": 0.4327553817, "operatingIncome": 10258000000, "operatingIncomeRatio": 0.3159126605, "totalOtherIncomeExpensesNet": 127000000, "incomeBeforeTax": 10385000000, "incomeBeforeTaxRatio": 0.3198238428, "incomeTaxExpense": 1965000000, "netIncome": 8420000000, "netIncomeRatio": 0.2593083059, "eps": 1.09, "epsdiluted": 1.08, "weightedAverageShsOut": 7692000000, "weightedAverageShsOutDil": 7768000000, "link": "https://www.sec.gov/Archives/edgar/data/789019/000156459019001392/0001564590-19-001392-index.htm", "finalLink": "https://www.sec.gov/Archives/edgar/data/789019/000156459019001392/msft-10q_20181231.htm"}, {"date": "2018-09-30", "symbol": "MSFT", "reportedCurrency": "USD", "cik": "0000789019", "fillingDate": "2018-10-24", "acceptedDate": "2018-10-24 16:13:07", "calendarYear": "2019", "period": "Q1", "revenue": 29084000000, "costOfRevenue": 9905000000, "grossProfit": 19179000000, "grossProfitRatio": 0.6594347408, "researchAndDevelopmentExpenses": 3977000000, "generalAndAdministrativeExpenses": 1149000000, "sellingAndMarketingExpenses": 4098000000, "sellingGeneralAndAdministrativeExpenses": 5247000000, "otherExpenses": 0, "operatingExpenses": 9224000000, "costAndExpenses": 19129000000, "interestIncome": 681000000, "interestExpense": 674000000, "depreciationAndAmortization": 2837000000, "ebitda": 13732000000, "ebitdaratio": 0.4721496355, "operatingIncome": 9955000000, "operatingIncomeRatio": 0.3422844175, "totalOtherIncomeExpensesNet": 266000000, "incomeBeforeTax": 10221000000, "incomeBeforeTaxRatio": 0.3514303397, "incomeTaxExpense": 1397000000, "netIncome": 8824000000, "netIncomeRatio": 0.3033970568, "eps": 1.15, "epsdiluted": 1.14, "weightedAverageShsOut": 7673000000, "weightedAverageShsOutDil": 7766000000, "link": "https://www.sec.gov/Archives/edgar/data/789019/000156459018024893/0001564590-18-024893-index.htm", "finalLink": "https://www.sec.gov/Archives/edgar/data/789019/000156459018024893/msft-10q_20180930.htm"}, {"date": "2018-06-30", "symbol": "MSFT", "reportedCurrency": "USD", "cik": "0000789019", "fillingDate": "2018-08-03", "acceptedDate": "2018-08-03 11:03:33", "calendarYear": "2018", "period": "Q4", "revenue": 30085000000, "costOfRevenue": 9742000000, "grossProfit": 20343000000, "grossProfitRatio": 0.6761841449, "researchAndDevelopmentExpenses": 3933000000, "generalAndAdministrativeExpenses": 1271000000, "sellingAndMarketingExpenses": 4760000000, "sellingGeneralAndAdministrativeExpenses": 6031000000, "otherExpenses": 0, "operatingExpenses": 9964000000, "costAndExpenses": 19706000000, "interestIncome": 0, "interestExpense": 672000000, "depreciationAndAmortization": 2516000000, "ebitda": 13868000000, "ebitdaratio": 0.4609606116, "operatingIncome": 10379000000, "operatingIncomeRatio": 0.3449891973, "totalOtherIncomeExpensesNet": 301000000, "incomeBeforeTax": 10680000000, "incomeBeforeTaxRatio": 0.3549941831, "incomeTaxExpense": 1807000000, "netIncome": 8873000000, "netIncomeRatio": 0.2949310288, "eps": 1.15, "epsdiluted": 1.14, "weightedAverageShsOut": 7683000000, "weightedAverageShsOutDil": 7775000000, "link": "https://www.sec.gov/Archives/edgar/data/789019/000156459018019062/0001564590-18-019062-index.htm", "finalLink": "https://www.sec.gov/Archives/edgar/data/789019/000156459018019062/msft-10k_20180630.htm"}, {"date": "2018-03-31", "symbol": "MSFT", "reportedCurrency": "USD", "cik": "0000789019", "fillingDate": "2018-04-26", "acceptedDate": "2018-04-26 16:10:21", "calendarYear": "2018", "period": "Q3", "revenue": 26819000000, "costOfRevenue": 9269000000, "grossProfit": 17550000000, "grossProfitRatio": 0.6543868153, "researchAndDevelopmentExpenses": 3715000000, "generalAndAdministrativeExpenses": 1208000000, "sellingAndMarketingExpenses": 4335000000, "sellingGeneralAndAdministrativeExpenses": 5543000000, "otherExpenses": 0, "operatingExpenses": 9258000000, "costAndExpenses": 18527000000, "interestIncome": 575000000, "interestExpense": 691000000, "depreciationAndAmortization": 2710000000, "ebitda": 12042000000, "ebitdaratio": 0.4490100302, "operatingIncome": 8292000000, "operatingIncomeRatio": 0.3091837876, "totalOtherIncomeExpensesNet": 349000000, "incomeBeforeTax": 8641000000, "incomeBeforeTaxRatio": 0.3221969499, "incomeTaxExpense": 1217000000, "netIncome": 7424000000, "netIncomeRatio": 0.2768186733, "eps": 0.96, "epsdiluted": 0.95, "weightedAverageShsOut": 7698000000, "weightedAverageShsOutDil": 7794000000, "link": "https://www.sec.gov/Archives/edgar/data/789019/000156459018009307/0001564590-18-009307-index.htm", "finalLink": "https://www.sec.gov/Archives/edgar/data/789019/000156459018009307/msft-10q_20180331.htm"}, {"date": "2017-12-31", "symbol": "MSFT", "reportedCurrency": "USD", "cik": "0000789019", "fillingDate": "2018-01-31", "acceptedDate": "2018-01-31 16:10:10", "calendarYear": "2018", "period": "Q2", "revenue": 28918000000, "costOfRevenue": 11064000000, "grossProfit": 17854000000, "grossProfitRatio": 0.6174009268, "researchAndDevelopmentExpenses": 3504000000, "generalAndAdministrativeExpenses": 1109000000, "sellingAndMarketingExpenses": 4562000000, "sellingGeneralAndAdministrativeExpenses": 5671000000, "otherExpenses": 0, "operatingExpenses": 9175000000, "costAndExpenses": 20239000000, "interestIncome": 530000000, "interestExpense": 698000000, "depreciationAndAmortization": 2536000000, "ebitda": 12403000000, "ebitdaratio": 0.4289024137, "operatingIncome": 8679000000, "operatingIncomeRatio": 0.3001244899, "totalOtherIncomeExpensesNet": 490000000, "incomeBeforeTax": 9169000000, "incomeBeforeTaxRatio": 0.3170689536, "incomeTaxExpense": 15471000000, "netIncome": -6302000000, "netIncomeRatio": -0.2179265509, "eps": -0.82, "epsdiluted": -0.82, "weightedAverageShsOut": 7710000000, "weightedAverageShsOutDil": 7710000000, "link": "https://www.sec.gov/Archives/edgar/data/789019/000156459018001129/0001564590-18-001129-index.htm", "finalLink": "https://www.sec.gov/Archives/edgar/data/789019/000156459018001129/msft-10q_20171231.htm"}, {"date": "2017-09-30", "symbol": "MSFT", "reportedCurrency": "USD", "cik": "0000789019", "fillingDate": "2017-10-26", "acceptedDate": "2017-10-26 16:08:58", "calendarYear": "2018", "period": "Q1", "revenue": 24538000000, "costOfRevenue": 8278000000, "grossProfit": 16260000000, "grossProfitRatio": 0.6626456924, "researchAndDevelopmentExpenses": 3574000000, "generalAndAdministrativeExpenses": 1166000000, "sellingAndMarketingExpenses": 3812000000, "sellingGeneralAndAdministrativeExpenses": 4978000000, "otherExpenses": 0, "operatingExpenses": 8552000000, "costAndExpenses": 16830000000, "interestIncome": 473000000, "interestExpense": 672000000, "depreciationAndAmortization": 2499000000, "ebitda": 11155000000, "ebitdaratio": 0.454601027, "operatingIncome": 7708000000, "operatingIncomeRatio": 0.3141250306, "totalOtherIncomeExpensesNet": 276000000, "incomeBeforeTax": 7984000000, "incomeBeforeTaxRatio": 0.325372891, "incomeTaxExpense": 1408000000, "netIncome": 6576000000, "netIncomeRatio": 0.2679925014, "eps": 0.85, "epsdiluted": 0.84, "weightedAverageShsOut": 7708000000, "weightedAverageShsOutDil": 7799000000, "link": "https://www.sec.gov/Archives/edgar/data/789019/000156459017020171/0001564590-17-020171-index.htm", "finalLink": "https://www.sec.gov/Archives/edgar/data/789019/000156459017020171/msft-10q_20170930.htm"}, {"date": "2017-06-30", "symbol": "MSFT", "reportedCurrency": "USD", "cik": "0000789019", "fillingDate": "2017-08-02", "acceptedDate": "2017-08-02 16:15:01", "calendarYear": "2017", "period": "Q4", "revenue": 23317000000, "costOfRevenue": 8456000000, "grossProfit": 14861000000, "grossProfitRatio": 0.6373461423, "researchAndDevelopmentExpenses": 3514000000, "generalAndAdministrativeExpenses": 1355000000, "sellingAndMarketingExpenses": 4356000000, "sellingGeneralAndAdministrativeExpenses": 5711000000, "otherExpenses": 0, "operatingExpenses": 9225000000, "costAndExpenses": 17681000000, "interestIncome": 0, "interestExpense": 655000000, "depreciationAndAmortization": 2343000000, "ebitda": 8543000000, "ebitdaratio": 0.366385041, "operatingIncome": 5330000000, "operatingIncomeRatio": 0.2285885834, "totalOtherIncomeExpensesNet": 215000000, "incomeBeforeTax": 5545000000, "incomeBeforeTaxRatio": 0.2378093237, "incomeTaxExpense": -968000000, "netIncome": 6513000000, "netIncomeRatio": 0.2793240983, "eps": 0.84, "epsdiluted": 0.83, "weightedAverageShsOut": 7715000000, "weightedAverageShsOutDil": 7806000000, "link": "https://www.sec.gov/Archives/edgar/data/789019/000156459017014900/0001564590-17-014900-index.htm", "finalLink": "https://www.sec.gov/Archives/edgar/data/789019/000156459017014900/msft-10k_20170630.htm"}, {"date": "2017-03-31", "symbol": "MSFT", "reportedCurrency": "USD", "cik": "0000789019", "fillingDate": "2017-04-27", "acceptedDate": "2017-04-27 16:16:04", "calendarYear": "2017", "period": "Q3", "revenue": 23212000000, "costOfRevenue": 8060000000, "grossProfit": 15152000000, "grossProfitRatio": 0.6527658108, "researchAndDevelopmentExpenses": 3355000000, "generalAndAdministrativeExpenses": 1202000000, "sellingAndMarketingExpenses": 3872000000, "sellingGeneralAndAdministrativeExpenses": 5074000000, "otherExpenses": 0, "operatingExpenses": 8429000000, "costAndExpenses": 16489000000, "interestIncome": 0, "interestExpense": 609000000, "depreciationAndAmortization": 2453000000, "ebitda": 10156000000, "ebitdaratio": 0.4375323109, "operatingIncome": 6723000000, "operatingIncomeRatio": 0.2896346717, "totalOtherIncomeExpensesNet": 371000000, "incomeBeforeTax": 7094000000, "incomeBeforeTaxRatio": 0.3056177839, "incomeTaxExpense": 1608000000, "netIncome": 5486000000, "netIncomeRatio": 0.2363432707, "eps": 0.71, "epsdiluted": 0.7, "weightedAverageShsOut": 7725000000, "weightedAverageShsOutDil": 7813000000, "link": "https://www.sec.gov/Archives/edgar/data/789019/000156459017007547/0001564590-17-007547-index.htm", "finalLink": "https://www.sec.gov/Archives/edgar/data/789019/000156459017007547/msft-10q_20170331.htm"}, {"date": "2016-12-31", "symbol": "MSFT", "reportedCurrency": "USD", "cik": "0000789019", "fillingDate": "2017-01-26", "acceptedDate": "2017-01-26 16:13:28", "calendarYear": "2017", "period": "Q2", "revenue": 25826000000, "costOfRevenue": 9901000000, "grossProfit": 15925000000, "grossProfitRatio": 0.6166266553, "researchAndDevelopmentExpenses": 3062000000, "generalAndAdministrativeExpenses": 879000000, "sellingAndMarketingExpenses": 4079000000, "sellingGeneralAndAdministrativeExpenses": 4958000000, "otherExpenses": 0, "operatingExpenses": 8020000000, "costAndExpenses": 17921000000, "interestIncome": 0, "interestExpense": 521000000, "depreciationAndAmortization": 2166000000, "ebitda": 10709000000, "ebitdaratio": 0.4146596453, "operatingIncome": 7905000000, "operatingIncomeRatio": 0.3060868892, "totalOtherIncomeExpensesNet": 117000000, "incomeBeforeTax": 8022000000, "incomeBeforeTaxRatio": 0.3106172075, "incomeTaxExpense": 1755000000, "netIncome": 6267000000, "netIncomeRatio": 0.2426624332, "eps": 0.81, "epsdiluted": 0.8, "weightedAverageShsOut": 7755000000, "weightedAverageShsOutDil": 7830000000, "link": "https://www.sec.gov/Archives/edgar/data/789019/000156459017000654/0001564590-17-000654-index.htm", "finalLink": "https://www.sec.gov/Archives/edgar/data/789019/000156459017000654/msft-10q_20161231.htm"}, {"date": "2016-09-30", "symbol": "MSFT", "reportedCurrency": "USD", "cik": "0000789019", "fillingDate": "2016-10-20", "acceptedDate": "2016-10-20 16:10:25", "calendarYear": "2017", "period": "Q1", "revenue": 21928000000, "costOfRevenue": 7844000000, "grossProfit": 14084000000, "grossProfitRatio": 0.642283838, "researchAndDevelopmentExpenses": 3106000000, "generalAndAdministrativeExpenses": 1045000000, "sellingAndMarketingExpenses": 3218000000, "sellingGeneralAndAdministrativeExpenses": 4263000000, "otherExpenses": 0, "operatingExpenses": 7369000000, "costAndExpenses": 15213000000, "interestIncome": 0, "interestExpense": 437000000, "depreciationAndAmortization": 1816000000, "ebitda": 9080000000, "ebitdaratio": 0.4140824517, "operatingIncome": 6715000000, "operatingIncomeRatio": 0.3062294783, "totalOtherIncomeExpensesNet": 112000000, "incomeBeforeTax": 6827000000, "incomeBeforeTaxRatio": 0.3113371032, "incomeTaxExpense": 1160000000, "netIncome": 5667000000, "netIncomeRatio": 0.2584367019, "eps": 0.73, "epsdiluted": 0.72, "weightedAverageShsOut": 7789000000, "weightedAverageShsOutDil": 7876000000, "link": "https://www.sec.gov/Archives/edgar/data/789019/000119312516742796/0001193125-16-742796-index.htm", "finalLink": "https://www.sec.gov/Archives/edgar/data/789019/000119312516742796/d245252d10q.htm"}, {"date": "2016-06-30", "symbol": "MSFT", "reportedCurrency": "USD", "cik": "0000789019", "fillingDate": "2016-07-28", "acceptedDate": "2016-07-28 16:12:18", "calendarYear": "2016", "period": "Q4", "revenue": 20614000000, "costOfRevenue": 7979000000, "grossProfit": 12635000000, "grossProfitRatio": 0.6129329582, "researchAndDevelopmentExpenses": 3146000000, "generalAndAdministrativeExpenses": 1301000000, "sellingAndMarketingExpenses": 3998000000, "sellingGeneralAndAdministrativeExpenses": 5299000000, "otherExpenses": 0, "operatingExpenses": 8445000000, "costAndExpenses": 16424000000, "interestIncome": 0, "interestExpense": 345000000, "depreciationAndAmortization": 1910000000, "ebitda": 5602000000, "ebitdaratio": 0.2717570583, "operatingIncome": 3080000000, "operatingIncomeRatio": 0.1494130203, "totalOtherIncomeExpensesNet": 267000000, "incomeBeforeTax": 3347000000, "incomeBeforeTaxRatio": 0.1623653827, "incomeTaxExpense": 225000000, "netIncome": 3122000000, "netIncomeRatio": 0.1514504706, "eps": 0.4, "epsdiluted": 0.39, "weightedAverageShsOut": 7842000000, "weightedAverageShsOutDil": 7929000000, "link": "https://www.sec.gov/Archives/edgar/data/789019/000119312516662209/0001193125-16-662209-index.htm", "finalLink": "https://www.sec.gov/Archives/edgar/data/789019/000119312516662209/d187868d10k.htm"}, {"date": "2016-03-31", "symbol": "MSFT", "reportedCurrency": "USD", "cik": "0000789019", "fillingDate": "2016-04-21", "acceptedDate": "2016-04-21 16:10:33", "calendarYear": "2016", "period": "Q3", "revenue": 20531000000, "costOfRevenue": 7722000000, "grossProfit": 12809000000, "grossProfitRatio": 0.6238858312, "researchAndDevelopmentExpenses": 2980000000, "generalAndAdministrativeExpenses": 1140000000, "sellingAndMarketingExpenses": 3406000000, "sellingGeneralAndAdministrativeExpenses": 4546000000, "otherExpenses": 0, "operatingExpenses": 7526000000, "costAndExpenses": 15248000000, "interestIncome": 0, "interestExpense": 340000000, "depreciationAndAmortization": 1707000000, "ebitda": 7083000000, "ebitdaratio": 0.3449905022, "operatingIncome": 5283000000, "operatingIncomeRatio": 0.2573182017, "totalOtherIncomeExpensesNet": -247000000, "incomeBeforeTax": 5036000000, "incomeBeforeTaxRatio": 0.2452876139, "incomeTaxExpense": 1280000000, "netIncome": 3756000000, "netIncomeRatio": 0.1829428669, "eps": 0.48, "epsdiluted": 0.47, "weightedAverageShsOut": 7895000000, "weightedAverageShsOutDil": 7985000000, "link": "https://www.sec.gov/Archives/edgar/data/789019/000119312516550254/0001193125-16-550254-index.htm", "finalLink": "https://www.sec.gov/Archives/edgar/data/789019/000119312516550254/d256147d10q.htm"}, {"date": "2015-12-31", "symbol": "MSFT", "reportedCurrency": "USD", "cik": "0000789019", "fillingDate": "2016-01-28", "acceptedDate": "2016-01-28 16:11:24", "calendarYear": "2016", "period": "Q2", "revenue": 23796000000, "costOfRevenue": 9872000000, "grossProfit": 13924000000, "grossProfitRatio": 0.5851403597, "researchAndDevelopmentExpenses": 2900000000, "generalAndAdministrativeExpenses": 1038000000, "sellingAndMarketingExpenses": 3960000000, "sellingGeneralAndAdministrativeExpenses": 4998000000, "otherExpenses": 0, "operatingExpenses": 7898000000, "costAndExpenses": 17770000000, "interestIncome": 0, "interestExpense": 309000000, "depreciationAndAmortization": 1544000000, "ebitda": 7708000000, "ebitdaratio": 0.3239199866, "operatingIncome": 6026000000, "operatingIncomeRatio": 0.253235838, "totalOtherIncomeExpensesNet": -171000000, "incomeBeforeTax": 5855000000, "incomeBeforeTaxRatio": 0.2460497563, "incomeTaxExpense": 837000000, "netIncome": 5018000000, "netIncomeRatio": 0.2108757774, "eps": 0.63, "epsdiluted": 0.62, "weightedAverageShsOut": 7964000000, "weightedAverageShsOutDil": 8051000000, "link": "https://www.sec.gov/Archives/edgar/data/789019/000119312516441821/0001193125-16-441821-index.htm", "finalLink": "https://www.sec.gov/Archives/edgar/data/789019/000119312516441821/d15167d10q.htm"}, {"date": "2015-09-30", "symbol": "MSFT", "reportedCurrency": "USD", "cik": "0000789019", "fillingDate": "2015-10-22", "acceptedDate": "2015-10-22 16:10:04", "calendarYear": "2016", "period": "Q1", "revenue": 20379000000, "costOfRevenue": 7207000000, "grossProfit": 13172000000, "grossProfitRatio": 0.6463516365, "researchAndDevelopmentExpenses": 2962000000, "generalAndAdministrativeExpenses": 1084000000, "sellingAndMarketingExpenses": 3333000000, "sellingGeneralAndAdministrativeExpenses": 4417000000, "otherExpenses": 0, "operatingExpenses": 7379000000, "costAndExpenses": 14586000000, "interestIncome": 0, "interestExpense": 249000000, "depreciationAndAmortization": 1461000000, "ebitda": 7223000000, "ebitdaratio": 0.3544334855, "operatingIncome": 5793000000, "operatingIncomeRatio": 0.2842632121, "totalOtherIncomeExpensesNet": -280000000, "incomeBeforeTax": 5513000000, "incomeBeforeTaxRatio": 0.2705235782, "incomeTaxExpense": 611000000, "netIncome": 4902000000, "netIncomeRatio": 0.2405417341, "eps": 0.61, "epsdiluted": 0.61, "weightedAverageShsOut": 7996000000, "weightedAverageShsOutDil": 8084000000, "link": "https://www.sec.gov/Archives/edgar/data/789019/000119312515350718/0001193125-15-350718-index.htm", "finalLink": "https://www.sec.gov/Archives/edgar/data/789019/000119312515350718/d83804d10q.htm"}, {"date": "2015-06-30", "symbol": "MSFT", "reportedCurrency": "USD", "cik": "0000789019", "fillingDate": "2015-07-31", "acceptedDate": "2015-07-31 15:07:52", "calendarYear": "2015", "period": "Q4", "revenue": 22180000000, "costOfRevenue": 7468000000, "grossProfit": 14712000000, "grossProfitRatio": 0.6633002705, "researchAndDevelopmentExpenses": 3094000000, "generalAndAdministrativeExpenses": 1272000000, "sellingAndMarketingExpenses": 3961000000, "sellingGeneralAndAdministrativeExpenses": 5233000000, "otherExpenses": 0, "operatingExpenses": 8327000000, "costAndExpenses": 15795000000, "interestIncome": 0, "interestExpense": 247000000, "depreciationAndAmortization": 1493000000, "ebitda": -16000000, "ebitdaratio": -0.0007213706, "operatingIncome": -2053000000, "operatingIncomeRatio": -0.0925608656, "totalOtherIncomeExpensesNet": 297000000, "incomeBeforeTax": -1756000000, "incomeBeforeTaxRatio": -0.0791704238, "incomeTaxExpense": 1439000000, "netIncome": -3195000000, "netIncomeRatio": -0.1440486925, "eps": -0.4, "epsdiluted": -0.4, "weightedAverageShsOut": 8061000000, "weightedAverageShsOutDil": 8061000000, "link": "https://www.sec.gov/Archives/edgar/data/789019/000119312515272806/0001193125-15-272806-index.htm", "finalLink": "https://www.sec.gov/Archives/edgar/data/789019/000119312515272806/d918813d10k.htm"}, {"date": "2015-03-31", "symbol": "MSFT", "reportedCurrency": "USD", "cik": "0000789019", "fillingDate": "2015-04-23", "acceptedDate": "2015-04-23 16:09:01", "calendarYear": "2015", "period": "Q3", "revenue": 21729000000, "costOfRevenue": 7161000000, "grossProfit": 14568000000, "grossProfitRatio": 0.6704404252, "researchAndDevelopmentExpenses": 2984000000, "generalAndAdministrativeExpenses": 1091000000, "sellingAndMarketingExpenses": 3709000000, "sellingGeneralAndAdministrativeExpenses": 4800000000, "otherExpenses": 0, "operatingExpenses": 7784000000, "costAndExpenses": 14945000000, "interestIncome": 0, "interestExpense": 211000000, "depreciationAndAmortization": 1515000000, "ebitda": 8243000000, "ebitdaratio": 0.3793547793, "operatingIncome": 6594000000, "operatingIncomeRatio": 0.3034654149, "totalOtherIncomeExpensesNet": -77000000, "incomeBeforeTax": 6517000000, "incomeBeforeTaxRatio": 0.2999217635, "incomeTaxExpense": 1532000000, "netIncome": 4985000000, "netIncomeRatio": 0.2294169083, "eps": 0.61, "epsdiluted": 0.61, "weightedAverageShsOut": 8167000000, "weightedAverageShsOutDil": 8237000000, "link": "https://www.sec.gov/Archives/edgar/data/789019/000119312515144151/0001193125-15-144151-index.htm", "finalLink": "https://www.sec.gov/Archives/edgar/data/789019/000119312515144151/d860721d10q.htm"}, {"date": "2014-12-31", "symbol": "MSFT", "reportedCurrency": "USD", "cik": "0000789019", "fillingDate": "2015-01-26", "acceptedDate": "2015-01-26 16:13:49", "calendarYear": "2015", "period": "Q2", "revenue": 26470000000, "costOfRevenue": 10136000000, "grossProfit": 16334000000, "grossProfitRatio": 0.617075935, "researchAndDevelopmentExpenses": 2903000000, "generalAndAdministrativeExpenses": 1097000000, "sellingAndMarketingExpenses": 4315000000, "sellingGeneralAndAdministrativeExpenses": 5412000000, "otherExpenses": 243000000, "operatingExpenses": 8558000000, "costAndExpenses": 18694000000, "interestIncome": 0, "interestExpense": 162000000, "depreciationAndAmortization": 1521000000, "ebitda": 9533000000, "ebitdaratio": 0.3601435587, "operatingIncome": 7776000000, "operatingIncomeRatio": 0.2937665281, "totalOtherIncomeExpensesNet": 74000000, "incomeBeforeTax": 7850000000, "incomeBeforeTaxRatio": 0.2965621458, "incomeTaxExpense": 1987000000, "netIncome": 5863000000, "netIncomeRatio": 0.2214960332, "eps": 0.71, "epsdiluted": 0.71, "weightedAverageShsOut": 8228000000, "weightedAverageShsOutDil": 8297000000, "link": "https://www.sec.gov/Archives/edgar/data/789019/000119312515020351/0001193125-15-020351-index.htm", "finalLink": "https://www.sec.gov/Archives/edgar/data/789019/000119312515020351/d827041d10q.htm"}, {"date": "2014-09-30", "symbol": "MSFT", "reportedCurrency": "USD", "cik": "0000789019", "fillingDate": "2014-10-23", "acceptedDate": "2014-10-23 16:16:17", "calendarYear": "2015", "period": "Q1", "revenue": 23201000000, "costOfRevenue": 8273000000, "grossProfit": 14928000000, "grossProfitRatio": 0.6434205422, "researchAndDevelopmentExpenses": 3065000000, "generalAndAdministrativeExpenses": 1151000000, "sellingAndMarketingExpenses": 3728000000, "sellingGeneralAndAdministrativeExpenses": 4879000000, "otherExpenses": 0, "operatingExpenses": 7944000000, "costAndExpenses": 16217000000, "interestIncome": 0, "interestExpense": 161000000, "depreciationAndAmortization": 1428000000, "ebitda": 7485000000, "ebitdaratio": 0.3226154045, "operatingIncome": 5844000000, "operatingIncomeRatio": 0.2518856946, "totalOtherIncomeExpensesNet": 52000000, "incomeBeforeTax": 5896000000, "incomeBeforeTaxRatio": 0.2541269773, "incomeTaxExpense": 1356000000, "netIncome": 4540000000, "netIncomeRatio": 0.1956812206, "eps": 0.55, "epsdiluted": 0.54, "weightedAverageShsOut": 8249000000, "weightedAverageShsOutDil": 8351000000, "link": "https://www.sec.gov/Archives/edgar/data/789019/000119312514380252/0001193125-14-380252-index.htm", "finalLink": "https://www.sec.gov/Archives/edgar/data/789019/000119312514380252/d770268d10q.htm"}, {"date": "2014-06-30", "symbol": "MSFT", "reportedCurrency": "USD", "cik": "0000789019", "fillingDate": "2014-07-31", "acceptedDate": "2014-07-31 17:16:52", "calendarYear": "2014", "period": "Q4", "revenue": 23382000000, "costOfRevenue": 7595000000, "grossProfit": 15787000000, "grossProfitRatio": 0.675177487, "researchAndDevelopmentExpenses": 3123000000, "generalAndAdministrativeExpenses": 1373000000, "sellingAndMarketingExpenses": 4682000000, "sellingGeneralAndAdministrativeExpenses": 6055000000, "otherExpenses": 127000000, "operatingExpenses": 9305000000, "costAndExpenses": 16900000000, "interestIncome": 0, "interestExpense": 169000000, "depreciationAndAmortization": 1742000000, "ebitda": 8488000000, "ebitdaratio": 0.3630142845, "operatingIncome": 6482000000, "operatingIncomeRatio": 0.2772217945, "totalOtherIncomeExpensesNet": 95000000, "incomeBeforeTax": 6577000000, "incomeBeforeTaxRatio": 0.281284749, "incomeTaxExpense": 1965000000, "netIncome": 4612000000, "netIncomeRatio": 0.1972457446, "eps": 0.56, "epsdiluted": 0.55, "weightedAverageShsOut": 8246000000, "weightedAverageShsOutDil": 8345000000, "link": "https://www.sec.gov/Archives/edgar/data/789019/000119312514289961/0001193125-14-289961-index.htm", "finalLink": "https://www.sec.gov/Archives/edgar/data/789019/000119312514289961/d722626d10k.htm"}, {"date": "2014-03-31", "symbol": "MSFT", "reportedCurrency": "USD", "cik": "0000789019", "fillingDate": "2014-04-24", "acceptedDate": "2014-04-24 16:06:04", "calendarYear": "2014", "period": "Q3", "revenue": 20403000000, "costOfRevenue": 5978000000, "grossProfit": 14425000000, "grossProfitRatio": 0.707003872, "researchAndDevelopmentExpenses": 2743000000, "generalAndAdministrativeExpenses": 1166000000, "sellingAndMarketingExpenses": 3542000000, "sellingGeneralAndAdministrativeExpenses": 4708000000, "otherExpenses": 0, "operatingExpenses": 7451000000, "costAndExpenses": 13429000000, "interestIncome": 0, "interestExpense": 175000000, "depreciationAndAmortization": 1255000000, "ebitda": 8387000000, "ebitdaratio": 0.411067, "operatingIncome": 6974000000, "operatingIncomeRatio": 0.3418124786, "totalOtherIncomeExpensesNet": -17000000, "incomeBeforeTax": 6957000000, "incomeBeforeTaxRatio": 0.3409792678, "incomeTaxExpense": 1297000000, "netIncome": 5660000000, "netIncomeRatio": 0.2774101848, "eps": 0.68, "epsdiluted": 0.68, "weightedAverageShsOut": 8284000000, "weightedAverageShsOutDil": 8367000000, "link": "https://www.sec.gov/Archives/edgar/data/789019/000119312514157088/0001193125-14-157088-index.htm", "finalLink": "https://www.sec.gov/Archives/edgar/data/789019/000119312514157088/d695543d10q.htm"}, {"date": "2013-12-31", "symbol": "MSFT", "reportedCurrency": "USD", "cik": "0000789019", "fillingDate": "2014-01-23", "acceptedDate": "2014-01-23 16:08:44", "calendarYear": "2014", "period": "Q2", "revenue": 24519000000, "costOfRevenue": 8322000000, "grossProfit": 16197000000, "grossProfitRatio": 0.6605897467, "researchAndDevelopmentExpenses": 2748000000, "generalAndAdministrativeExpenses": 1197000000, "sellingAndMarketingExpenses": 4283000000, "sellingGeneralAndAdministrativeExpenses": 5480000000, "otherExpenses": 0, "operatingExpenses": 8228000000, "costAndExpenses": 16550000000, "interestIncome": 0, "interestExpense": 135000000, "depreciationAndAmortization": 1261000000, "ebitda": 9274000000, "ebitdaratio": 0.3782372854, "operatingIncome": 7969000000, "operatingIncomeRatio": 0.325013255, "totalOtherIncomeExpensesNet": -91000000, "incomeBeforeTax": 7878000000, "incomeBeforeTaxRatio": 0.3213018475, "incomeTaxExpense": 1320000000, "netIncome": 6558000000, "netIncomeRatio": 0.2674660467, "eps": 0.79, "epsdiluted": 0.78, "weightedAverageShsOut": 8326000000, "weightedAverageShsOutDil": 8395000000, "link": "https://www.sec.gov/Archives/edgar/data/789019/000119312514018634/0001193125-14-018634-index.htm", "finalLink": "https://www.sec.gov/Archives/edgar/data/789019/000119312514018634/d635047d10q.htm"}, {"date": "2013-09-30", "symbol": "MSFT", "reportedCurrency": "USD", "cik": "0000789019", "fillingDate": "2013-10-24", "acceptedDate": "2013-10-24 16:08:05", "calendarYear": "2014", "period": "Q1", "revenue": 18529000000, "costOfRevenue": 5145000000, "grossProfit": 13384000000, "grossProfitRatio": 0.7223271628, "researchAndDevelopmentExpenses": 2767000000, "generalAndAdministrativeExpenses": 979000000, "sellingAndMarketingExpenses": 3304000000, "sellingGeneralAndAdministrativeExpenses": 4283000000, "otherExpenses": 0, "operatingExpenses": 7050000000, "costAndExpenses": 12195000000, "interestIncome": 0, "interestExpense": 118000000, "depreciationAndAmortization": 954000000, "ebitda": 7480000000, "ebitdaratio": 0.4036915106, "operatingIncome": 6334000000, "operatingIncomeRatio": 0.3418425171, "totalOtherIncomeExpensesNet": 74000000, "incomeBeforeTax": 6408000000, "incomeBeforeTaxRatio": 0.3458362567, "incomeTaxExpense": 1164000000, "netIncome": 5244000000, "netIncomeRatio": 0.283015813, "eps": 0.63, "epsdiluted": 0.62, "weightedAverageShsOut": 8339000000, "weightedAverageShsOutDil": 8434000000, "link": "https://www.sec.gov/Archives/edgar/data/789019/000119312513409855/0001193125-13-409855-index.htm", "finalLink": "https://www.sec.gov/Archives/edgar/data/789019/000119312513409855/d594455d10q.htm"}, {"date": "2013-06-30", "symbol": "MSFT", "reportedCurrency": "USD", "cik": "0000789019", "fillingDate": "2013-07-30", "acceptedDate": "2013-07-30 16:14:49", "calendarYear": "2013", "period": "Q4", "revenue": 19896000000, "costOfRevenue": 5602000000, "grossProfit": 14294000000, "grossProfitRatio": 0.7184358665, "researchAndDevelopmentExpenses": 2783000000, "generalAndAdministrativeExpenses": 1210000000, "sellingAndMarketingExpenses": 4228000000, "sellingGeneralAndAdministrativeExpenses": 5438000000, "otherExpenses": 0, "operatingExpenses": 8221000000, "costAndExpenses": 13823000000, "interestIncome": 0, "interestExpense": 120000000, "depreciationAndAmortization": 983000000, "ebitda": 7248000000, "ebitdaratio": 0.3642943305, "operatingIncome": 6073000000, "operatingIncomeRatio": 0.3052372336, "totalOtherIncomeExpensesNet": 72000000, "incomeBeforeTax": 6145000000, "incomeBeforeTaxRatio": 0.3088560515, "incomeTaxExpense": 1180000000, "netIncome": 4965000000, "netIncomeRatio": 0.2495476478, "eps": 0.59, "epsdiluted": 0.59, "weightedAverageShsOut": 8345000000, "weightedAverageShsOutDil": 8442000000, "link": "https://www.sec.gov/Archives/edgar/data/789019/000119312513310206/0001193125-13-310206-index.htm", "finalLink": "https://www.sec.gov/Archives/edgar/data/789019/000119312513310206/d527745d10k.htm"}, {"date": "2013-03-31", "symbol": "MSFT", "reportedCurrency": "USD", "cik": "0000789019", "fillingDate": "2013-04-18", "acceptedDate": "2013-04-18 16:07:37", "calendarYear": "2013", "period": "Q3", "revenue": 20489000000, "costOfRevenue": 4787000000, "grossProfit": 15702000000, "grossProfitRatio": 0.7663624384, "researchAndDevelopmentExpenses": 2640000000, "generalAndAdministrativeExpenses": 1656000000, "sellingAndMarketingExpenses": 3794000000, "sellingGeneralAndAdministrativeExpenses": 5450000000, "otherExpenses": 0, "operatingExpenses": 8090000000, "costAndExpenses": 12877000000, "interestIncome": 0, "interestExpense": 109000000, "depreciationAndAmortization": 1053000000, "ebitda": 8765000000, "ebitdaratio": 0.4277905217, "operatingIncome": 7612000000, "operatingIncomeRatio": 0.3715164234, "totalOtherIncomeExpensesNet": -9000000, "incomeBeforeTax": 7603000000, "incomeBeforeTaxRatio": 0.3710771634, "incomeTaxExpense": 1548000000, "netIncome": 6055000000, "netIncomeRatio": 0.2955244277, "eps": 0.72, "epsdiluted": 0.72, "weightedAverageShsOut": 8364000000, "weightedAverageShsOutDil": 8429000000, "link": "https://www.sec.gov/Archives/edgar/data/789019/000119312513160748/0001193125-13-160748-index.htm", "finalLink": "https://www.sec.gov/Archives/edgar/data/789019/000119312513160748/d497226d10q.htm"}, {"date": "2012-12-31", "symbol": "MSFT", "reportedCurrency": "USD", "cik": "0000789019", "fillingDate": "2013-01-24", "acceptedDate": "2013-01-24 16:10:59", "calendarYear": "2013", "period": "Q2", "revenue": 21456000000, "costOfRevenue": 5692000000, "grossProfit": 15764000000, "grossProfitRatio": 0.7347129008, "researchAndDevelopmentExpenses": 2528000000, "generalAndAdministrativeExpenses": 1156000000, "sellingAndMarketingExpenses": 4309000000, "sellingGeneralAndAdministrativeExpenses": 5465000000, "otherExpenses": 0, "operatingExpenses": 7993000000, "costAndExpenses": 13685000000, "interestIncome": 0, "interestExpense": 105000000, "depreciationAndAmortization": 1009000000, "ebitda": 8884000000, "ebitdaratio": 0.4140566741, "operatingIncome": 7771000000, "operatingIncomeRatio": 0.3621830723, "totalOtherIncomeExpensesNet": -1000000, "incomeBeforeTax": 7770000000, "incomeBeforeTaxRatio": 0.3621364653, "incomeTaxExpense": 1393000000, "netIncome": 6377000000, "netIncomeRatio": 0.2972129008, "eps": 0.76, "epsdiluted": 0.76, "weightedAverageShsOut": 8393000000, "weightedAverageShsOutDil": 8444000000, "link": "https://www.sec.gov/Archives/edgar/data/789019/000119312513022207/0001193125-13-022207-index.htm", "finalLink": "https://www.sec.gov/Archives/edgar/data/789019/000119312513022207/d453668d10q.htm"}, {"date": "2012-09-30", "symbol": "MSFT", "reportedCurrency": "USD", "cik": "0000789019", "fillingDate": "2012-10-18", "acceptedDate": "2012-10-18 16:04:23", "calendarYear": "2013", "period": "Q1", "revenue": 16008000000, "costOfRevenue": 4168000000, "grossProfit": 11840000000, "grossProfitRatio": 0.7396301849, "researchAndDevelopmentExpenses": 2460000000, "generalAndAdministrativeExpenses": 1127000000, "sellingAndMarketingExpenses": 2945000000, "sellingGeneralAndAdministrativeExpenses": 4072000000, "otherExpenses": 0, "operatingExpenses": 6532000000, "costAndExpenses": 10700000000, "interestIncome": 0, "interestExpense": 95000000, "depreciationAndAmortization": 710000000, "ebitda": 6339000000, "ebitdaratio": 0.3959895052, "operatingIncome": 5308000000, "operatingIncomeRatio": 0.3315842079, "totalOtherIncomeExpensesNet": 226000000, "incomeBeforeTax": 5534000000, "incomeBeforeTaxRatio": 0.3457021489, "incomeTaxExpense": 1068000000, "netIncome": 4466000000, "netIncomeRatio": 0.2789855072, "eps": 0.53, "epsdiluted": 0.53, "weightedAverageShsOut": 8396000000, "weightedAverageShsOutDil": 8494000000, "link": "https://www.sec.gov/Archives/edgar/data/789019/000119312512427209/0001193125-12-427209-index.htm", "finalLink": "https://www.sec.gov/Archives/edgar/data/789019/000119312512427209/d406056d10q.htm"}, {"date": "2012-06-30", "symbol": "MSFT", "reportedCurrency": "USD", "cik": "0000789019", "fillingDate": "2012-07-26", "acceptedDate": "2012-07-26 16:12:48", "calendarYear": "2012", "period": "Q4", "revenue": 18059000000, "costOfRevenue": 4163000000, "grossProfit": 13896000000, "grossProfitRatio": 0.7694778227, "researchAndDevelopmentExpenses": 2594000000, "generalAndAdministrativeExpenses": 1136000000, "sellingAndMarketingExpenses": 3781000000, "sellingGeneralAndAdministrativeExpenses": 4917000000, "otherExpenses": 0, "operatingExpenses": 7511000000, "costAndExpenses": 11674000000, "interestIncome": 0, "interestExpense": 0, "depreciationAndAmortization": 797000000, "ebitda": 1873000000, "ebitdaratio": 0.1037155989, "operatingIncome": 192000000, "operatingIncomeRatio": 0.0106318179, "totalOtherIncomeExpensesNet": 167000000, "incomeBeforeTax": 359000000, "incomeBeforeTaxRatio": 0.0198792846, "incomeTaxExpense": 851000000, "netIncome": -492000000, "netIncomeRatio": -0.0272440334, "eps": -0.0587, "epsdiluted": -0.0587, "weightedAverageShsOut": 8388000000, "weightedAverageShsOutDil": 8388000000, "link": "https://www.sec.gov/Archives/edgar/data/789019/000119312512316848/0001193125-12-316848-index.htm", "finalLink": "https://www.sec.gov/Archives/edgar/data/789019/000119312512316848/d347676d10k.htm"}, {"date": "2012-03-31", "symbol": "MSFT", "reportedCurrency": "USD", "cik": "0000789019", "fillingDate": "2012-04-19", "acceptedDate": "2012-04-19 16:06:08", "calendarYear": "2012", "period": "Q3", "revenue": 17407000000, "costOfRevenue": 3952000000, "grossProfit": 13455000000, "grossProfitRatio": 0.7729648992, "researchAndDevelopmentExpenses": 2517000000, "generalAndAdministrativeExpenses": 1150000000, "sellingAndMarketingExpenses": 3414000000, "sellingGeneralAndAdministrativeExpenses": 4564000000, "otherExpenses": 0, "operatingExpenses": 7081000000, "costAndExpenses": 11033000000, "interestIncome": 0, "interestExpense": 95000000, "depreciationAndAmortization": 766000000, "ebitda": 7224000000, "ebitdaratio": 0.4150054576, "operatingIncome": 6374000000, "operatingIncomeRatio": 0.3661745275, "totalOtherIncomeExpensesNet": -11000000, "incomeBeforeTax": 6363000000, "incomeBeforeTaxRatio": 0.3655425978, "incomeTaxExpense": 1255000000, "netIncome": 5108000000, "netIncomeRatio": 0.2934451657, "eps": 0.61, "epsdiluted": 0.6, "weightedAverageShsOut": 8401000000, "weightedAverageShsOutDil": 8498000000, "link": "https://www.sec.gov/Archives/edgar/data/789019/000119312512170665/0001193125-12-170665-index.htm", "finalLink": "https://www.sec.gov/Archives/edgar/data/789019/000119312512170665/d313493d10q.htm"}, {"date": "2011-12-31", "symbol": "MSFT", "reportedCurrency": "USD", "cik": "0000789019", "fillingDate": "2012-01-19", "acceptedDate": "2012-01-19 16:09:07", "calendarYear": "2012", "period": "Q2", "revenue": 20885000000, "costOfRevenue": 5638000000, "grossProfit": 15247000000, "grossProfitRatio": 0.7300454872, "researchAndDevelopmentExpenses": 2371000000, "generalAndAdministrativeExpenses": 1120000000, "sellingAndMarketingExpenses": 3762000000, "sellingGeneralAndAdministrativeExpenses": 4882000000, "otherExpenses": 0, "operatingExpenses": 7253000000, "costAndExpenses": 12891000000, "interestIncome": 0, "interestExpense": 95000000, "depreciationAndAmortization": 678000000, "ebitda": 9012000000, "ebitdaratio": 0.4315058655, "operatingIncome": 7994000000, "operatingIncomeRatio": 0.3827627484, "totalOtherIncomeExpensesNet": 245000000, "incomeBeforeTax": 8239000000, "incomeBeforeTaxRatio": 0.3944936557, "incomeTaxExpense": 1615000000, "netIncome": 6624000000, "netIncomeRatio": 0.3171654297, "eps": 0.79, "epsdiluted": 0.78, "weightedAverageShsOut": 8402000000, "weightedAverageShsOutDil": 8465000000, "link": "https://www.sec.gov/Archives/edgar/data/789019/000119312512017029/0001193125-12-017029-index.htm", "finalLink": "https://www.sec.gov/Archives/edgar/data/789019/000119312512017029/d266753d10q.htm"}, {"date": "2011-09-30", "symbol": "MSFT", "reportedCurrency": "USD", "cik": "0000789019", "fillingDate": "2011-10-20", "acceptedDate": "2011-10-20 16:08:23", "calendarYear": "2012", "period": "Q1", "revenue": 17372000000, "costOfRevenue": 3777000000, "grossProfit": 13595000000, "grossProfitRatio": 0.7825811651, "researchAndDevelopmentExpenses": 2329000000, "generalAndAdministrativeExpenses": 1163000000, "sellingAndMarketingExpenses": 2900000000, "sellingGeneralAndAdministrativeExpenses": 4063000000, "otherExpenses": 0, "operatingExpenses": 6392000000, "costAndExpenses": 10169000000, "interestIncome": 0, "interestExpense": 94000000, "depreciationAndAmortization": 726000000, "ebitda": 8126000000, "ebitdaratio": 0.4677642183, "operatingIncome": 7203000000, "operatingIncomeRatio": 0.4146327423, "totalOtherIncomeExpensesNet": 103000000, "incomeBeforeTax": 7306000000, "incomeBeforeTaxRatio": 0.4205618236, "incomeTaxExpense": 1568000000, "netIncome": 5738000000, "netIncomeRatio": 0.3303016348, "eps": 0.68, "epsdiluted": 0.68, "weightedAverageShsOut": 8392000000, "weightedAverageShsOutDil": 8490000000, "link": "https://www.sec.gov/Archives/edgar/data/789019/000119312511276022/0001193125-11-276022-index.htm", "finalLink": "https://www.sec.gov/Archives/edgar/data/789019/000119312511276022/d230161d10q.htm"}, {"date": "2011-06-30", "symbol": "MSFT", "reportedCurrency": "USD", "cik": "0000789019", "fillingDate": "2011-07-28", "acceptedDate": "2011-07-28 14:59:09", "calendarYear": "2011", "period": "Q4", "revenue": 17367000000, "costOfRevenue": 3708000000, "grossProfit": 13659000000, "grossProfitRatio": 0.786491622, "researchAndDevelopmentExpenses": 2393000000, "generalAndAdministrativeExpenses": 1179000000, "sellingAndMarketingExpenses": 3916000000, "sellingGeneralAndAdministrativeExpenses": 5095000000, "otherExpenses": 0, "operatingExpenses": 7488000000, "costAndExpenses": 11196000000, "interestIncome": 269000000, "interestExpense": 94000000, "depreciationAndAmortization": 689000000, "ebitda": 7102000000, "ebitdaratio": 0.4089364887, "operatingIncome": 6171000000, "operatingIncomeRatio": 0.3553290724, "totalOtherIncomeExpensesNet": 148000000, "incomeBeforeTax": 6319000000, "incomeBeforeTaxRatio": 0.3638509817, "incomeTaxExpense": 445000000, "netIncome": 5874000000, "netIncomeRatio": 0.3382276732, "eps": 0.7, "epsdiluted": 0.68, "weightedAverageShsOut": 8427000000, "weightedAverageShsOutDil": 8545000000, "link": "https://www.sec.gov/Archives/edgar/data/789019/000119312511200680/0001193125-11-200680-index.htm", "finalLink": "https://www.sec.gov/Archives/edgar/data/789019/000119312511200680/d10k.htm"}, {"date": "2011-03-31", "symbol": "MSFT", "reportedCurrency": "USD", "cik": "0000789019", "fillingDate": "2011-04-28", "acceptedDate": "2011-04-28 16:09:30", "calendarYear": "2011", "period": "Q3", "revenue": 16428000000, "costOfRevenue": 3897000000, "grossProfit": 12531000000, "grossProfitRatio": 0.7627830533, "researchAndDevelopmentExpenses": 2269000000, "generalAndAdministrativeExpenses": 1160000000, "sellingAndMarketingExpenses": 3393000000, "sellingGeneralAndAdministrativeExpenses": 4553000000, "otherExpenses": 0, "operatingExpenses": 6822000000, "costAndExpenses": 10719000000, "interestIncome": 216000000, "interestExpense": 84000000, "depreciationAndAmortization": 720000000, "ebitda": 6429000000, "ebitdaratio": 0.3913440467, "operatingIncome": 5709000000, "operatingIncomeRatio": 0.3475164354, "totalOtherIncomeExpensesNet": 316000000, "incomeBeforeTax": 6025000000, "incomeBeforeTaxRatio": 0.366751887, "incomeTaxExpense": 793000000, "netIncome": 5232000000, "netIncomeRatio": 0.3184806428, "eps": 0.62, "epsdiluted": 0.61, "weightedAverageShsOut": 8420000000, "weightedAverageShsOutDil": 8510000000, "link": "https://www.sec.gov/Archives/edgar/data/789019/000119312511115186/0001193125-11-115186-index.htm", "finalLink": "https://www.sec.gov/Archives/edgar/data/789019/000119312511115186/d10q.htm"}, {"date": "2010-12-31", "symbol": "MSFT", "reportedCurrency": "USD", "cik": "0000789019", "fillingDate": "2011-01-27", "acceptedDate": "2011-01-27 16:00:33", "calendarYear": "2011", "period": "Q2", "revenue": 19953000000, "costOfRevenue": 4833000000, "grossProfit": 15120000000, "grossProfitRatio": 0.7577807848, "researchAndDevelopmentExpenses": 2185000000, "generalAndAdministrativeExpenses": 945000000, "sellingAndMarketingExpenses": 3825000000, "sellingGeneralAndAdministrativeExpenses": 4770000000, "otherExpenses": 0, "operatingExpenses": 6955000000, "costAndExpenses": 11788000000, "interestIncome": 205000000, "interestExpense": 72000000, "depreciationAndAmortization": 663000000, "ebitda": 9232000000, "ebitdaratio": 0.4626873152, "operatingIncome": 8165000000, "operatingIncomeRatio": 0.4092116474, "totalOtherIncomeExpensesNet": 332000000, "incomeBeforeTax": 8497000000, "incomeBeforeTaxRatio": 0.4258507493, "incomeTaxExpense": 1863000000, "netIncome": 6634000000, "netIncomeRatio": 0.3324813311, "eps": 0.78, "epsdiluted": 0.77, "weightedAverageShsOut": 8497000000, "weightedAverageShsOutDil": 8570000000, "link": "https://www.sec.gov/Archives/edgar/data/789019/000119312511015947/0001193125-11-015947-index.htm", "finalLink": "https://www.sec.gov/Archives/edgar/data/789019/000119312511015947/d10q.htm"}, {"date": "2010-09-30", "symbol": "MSFT", "reportedCurrency": "USD", "cik": "0000789019", "fillingDate": "2010-10-28", "acceptedDate": "2010-10-28 16:36:15", "calendarYear": "2011", "period": "Q1", "revenue": 16195000000, "costOfRevenue": 3139000000, "grossProfit": 13056000000, "grossProfitRatio": 0.8061747453, "researchAndDevelopmentExpenses": 2196000000, "generalAndAdministrativeExpenses": 938000000, "sellingAndMarketingExpenses": 2806000000, "sellingGeneralAndAdministrativeExpenses": 3744000000, "otherExpenses": 0, "operatingExpenses": 5940000000, "costAndExpenses": 9079000000, "interestIncome": 210000000, "interestExpense": 45000000, "depreciationAndAmortization": 694000000, "ebitda": 7969000000, "ebitdaratio": 0.4920654523, "operatingIncome": 7116000000, "operatingIncomeRatio": 0.439394875, "totalOtherIncomeExpensesNet": 114000000, "incomeBeforeTax": 7230000000, "incomeBeforeTaxRatio": 0.4464340846, "incomeTaxExpense": 1820000000, "netIncome": 5410000000, "netIncomeRatio": 0.3340537203, "eps": 0.63, "epsdiluted": 0.62, "weightedAverageShsOut": 8614000000, "weightedAverageShsOutDil": 8695000000, "link": "https://www.sec.gov/Archives/edgar/data/789019/000119312510239825/0001193125-10-239825-index.htm", "finalLink": "https://www.sec.gov/Archives/edgar/data/789019/000119312510239825/d10q.htm"}, {"date": "2010-06-30", "symbol": "MSFT", "reportedCurrency": "USD", "cik": "0000789019", "fillingDate": "2010-07-30", "acceptedDate": "2010-07-30 11:30:38", "calendarYear": "2010", "period": "Q4", "revenue": 16039000000, "costOfRevenue": 3170000000, "grossProfit": 12869000000, "grossProfitRatio": 0.8023567554, "researchAndDevelopmentExpenses": 2350000000, "generalAndAdministrativeExpenses": 928000000, "sellingAndMarketingExpenses": 3602000000, "sellingGeneralAndAdministrativeExpenses": 4530000000, "otherExpenses": 0, "operatingExpenses": 6880000000, "costAndExpenses": 10050000000, "interestIncome": 0, "interestExpense": 0, "depreciationAndAmortization": 718000000, "ebitda": 7714000000, "ebitdaratio": 0.4809526778, "operatingIncome": 5930000000, "operatingIncomeRatio": 0.3697237982, "totalOtherIncomeExpensesNet": 94000000, "incomeBeforeTax": 6024000000, "incomeBeforeTaxRatio": 0.3755845128, "incomeTaxExpense": 1506000000, "netIncome": 4518000000, "netIncomeRatio": 0.2816883846, "eps": 0.52, "epsdiluted": 0.51, "weightedAverageShsOut": 8714000000, "weightedAverageShsOutDil": 8843000000, "link": "https://www.sec.gov/Archives/edgar/data/789019/000119312510171791/0001193125-10-171791-index.htm", "finalLink": "https://www.sec.gov/Archives/edgar/data/789019/000119312510171791/d10k.htm"}, {"date": "2010-03-31", "symbol": "MSFT", "reportedCurrency": "USD", "cik": "0000789019", "fillingDate": "2010-04-22", "acceptedDate": "2010-04-22 16:18:52", "calendarYear": "2010", "period": "Q3", "revenue": 14503000000, "costOfRevenue": 2755000000, "grossProfit": 11748000000, "grossProfitRatio": 0.8100393022, "researchAndDevelopmentExpenses": 2220000000, "generalAndAdministrativeExpenses": 1152000000, "sellingAndMarketingExpenses": 3203000000, "sellingGeneralAndAdministrativeExpenses": 4355000000, "otherExpenses": 0, "operatingExpenses": 6575000000, "costAndExpenses": 9330000000, "interestIncome": 204000000, "interestExpense": 38000000, "depreciationAndAmortization": 694000000, "ebitda": 6073000000, "ebitdaratio": 0.4187409501, "operatingIncome": 5173000000, "operatingIncomeRatio": 0.3566848238, "totalOtherIncomeExpensesNet": 168000000, "incomeBeforeTax": 5341000000, "incomeBeforeTaxRatio": 0.3682686341, "incomeTaxExpense": 1335000000, "netIncome": 4006000000, "netIncomeRatio": 0.2762187134, "eps": 0.46, "epsdiluted": 0.45, "weightedAverageShsOut": 8767000000, "weightedAverageShsOutDil": 8876000000, "link": "https://www.sec.gov/Archives/edgar/data/789019/000119312510090116/0001193125-10-090116-index.htm", "finalLink": "https://www.sec.gov/Archives/edgar/data/789019/000119312510090116/d10q.htm"}, {"date": "2009-12-31", "symbol": "MSFT", "reportedCurrency": "USD", "cik": "0000789019", "fillingDate": "2010-01-28", "acceptedDate": "2010-01-28 16:11:45", "calendarYear": "2010", "period": "Q2", "revenue": 19022000000, "costOfRevenue": 3628000000, "grossProfit": 15394000000, "grossProfitRatio": 0.8092734728, "researchAndDevelopmentExpenses": 2079000000, "generalAndAdministrativeExpenses": 1183000000, "sellingAndMarketingExpenses": 3619000000, "sellingGeneralAndAdministrativeExpenses": 4802000000, "otherExpenses": 0, "operatingExpenses": 6881000000, "costAndExpenses": 10509000000, "interestIncome": 197000000, "interestExpense": 38000000, "depreciationAndAmortization": 615000000, "ebitda": 9536000000, "ebitdaratio": 0.5013142677, "operatingIncome": 8513000000, "operatingIncomeRatio": 0.4475344338, "totalOtherIncomeExpensesNet": 370000000, "incomeBeforeTax": 8883000000, "incomeBeforeTaxRatio": 0.4669855956, "incomeTaxExpense": 2221000000, "netIncome": 6662000000, "netIncomeRatio": 0.350226054, "eps": 0.75, "epsdiluted": 0.74, "weightedAverageShsOut": 8856000000, "weightedAverageShsOutDil": 8951000000, "link": "https://www.sec.gov/Archives/edgar/data/789019/000119312510015598/0001193125-10-015598-index.htm", "finalLink": "https://www.sec.gov/Archives/edgar/data/789019/000119312510015598/d10q.htm"}, {"date": "2009-09-30", "symbol": "MSFT", "reportedCurrency": "USD", "cik": "0000789019", "fillingDate": "2009-10-23", "acceptedDate": "2009-10-23 08:34:21", "calendarYear": "2010", "period": "Q1", "revenue": 12920000000, "costOfRevenue": 2842000000, "grossProfit": 10078000000, "grossProfitRatio": 0.7800309598, "researchAndDevelopmentExpenses": 2065000000, "generalAndAdministrativeExpenses": 741000000, "sellingAndMarketingExpenses": 2790000000, "sellingGeneralAndAdministrativeExpenses": 3531000000, "otherExpenses": 0, "operatingExpenses": 5596000000, "costAndExpenses": 8438000000, "interestIncome": 203000000, "interestExpense": 38000000, "depreciationAndAmortization": 646000000, "ebitda": 5449000000, "ebitdaratio": 0.421749226, "operatingIncome": 4482000000, "operatingIncomeRatio": 0.3469040248, "totalOtherIncomeExpensesNet": 283000000, "incomeBeforeTax": 4765000000, "incomeBeforeTaxRatio": 0.3688080495, "incomeTaxExpense": 1191000000, "netIncome": 3574000000, "netIncomeRatio": 0.276625387, "eps": 0.4, "epsdiluted": 0.4, "weightedAverageShsOut": 8914000000, "weightedAverageShsOutDil": 8983000000, "link": "https://www.sec.gov/Archives/edgar/data/789019/000119312509212454/0001193125-09-212454-index.htm", "finalLink": "https://www.sec.gov/Archives/edgar/data/789019/000119312509212454/d10q.htm"}, {"date": "2009-06-30", "symbol": "MSFT", "reportedCurrency": "USD", "cik": "0000789019", "fillingDate": "2009-07-30", "acceptedDate": "2009-07-30 06:05:07", "calendarYear": "2009", "period": "Q4", "revenue": 13099000000, "costOfRevenue": 2586000000, "grossProfit": 10513000000, "grossProfitRatio": 0.8025803496, "researchAndDevelopmentExpenses": 2225000000, "generalAndAdministrativeExpenses": 1399000000, "sellingAndMarketingExpenses": 3192000000, "sellingGeneralAndAdministrativeExpenses": 4301000000, "otherExpenses": 0, "operatingExpenses": 6526000000, "costAndExpenses": 9112000000, "interestIncome": 160000000, "interestExpense": 0, "depreciationAndAmortization": 681000000, "ebitda": 4668000000, "ebitdaratio": 0.3563630812, "operatingIncome": 3987000000, "operatingIncomeRatio": 0.3043743797, "totalOtherIncomeExpensesNet": 155000000, "incomeBeforeTax": 4142000000, "incomeBeforeTaxRatio": 0.3162073441, "incomeTaxExpense": 1097000000, "netIncome": 3045000000, "netIncomeRatio": 0.2324604932, "eps": 0.34, "epsdiluted": 0.34, "weightedAverageShsOut": 8900000000, "weightedAverageShsOutDil": 8960000000, "link": "https://www.sec.gov/Archives/edgar/data/789019/000119312509158735/0001193125-09-158735-index.htm", "finalLink": "https://www.sec.gov/Archives/edgar/data/789019/000119312509158735/d10k.htm"}, {"date": "2009-03-31", "symbol": "MSFT", "reportedCurrency": "USD", "cik": "0000789019", "fillingDate": "2009-04-23", "acceptedDate": "2009-04-23 16:12:00", "calendarYear": "2009", "period": "Q3", "revenue": 13648000000, "costOfRevenue": 2814000000, "grossProfit": 10834000000, "grossProfitRatio": 0.7938159437, "researchAndDevelopmentExpenses": 2212000000, "generalAndAdministrativeExpenses": 1203000000, "sellingAndMarketingExpenses": 2981000000, "sellingGeneralAndAdministrativeExpenses": 4184000000, "otherExpenses": 0, "operatingExpenses": 6396000000, "costAndExpenses": 9210000000, "interestIncome": 164000000, "interestExpense": 0, "depreciationAndAmortization": 664000000, "ebitda": 5102000000, "ebitdaratio": 0.3738276671, "operatingIncome": 4438000000, "operatingIncomeRatio": 0.3251758499, "totalOtherIncomeExpensesNet": -388000000, "incomeBeforeTax": 4050000000, "incomeBeforeTaxRatio": 0.2967467761, "incomeTaxExpense": 1073000000, "netIncome": 2977000000, "netIncomeRatio": 0.2181271981, "eps": 0.33, "epsdiluted": 0.33, "weightedAverageShsOut": 8891000000, "weightedAverageShsOutDil": 8904000000, "link": "https://www.sec.gov/Archives/edgar/data/789019/000119312509085779/0001193125-09-085779-index.htm", "finalLink": "https://www.sec.gov/Archives/edgar/data/789019/000119312509085779/d10q.htm"}, {"date": "2008-12-31", "symbol": "MSFT", "reportedCurrency": "USD", "cik": "0000789019", "fillingDate": "2009-01-22", "acceptedDate": "2009-01-22 09:02:23", "calendarYear": "2009", "period": "Q2", "revenue": 16629000000, "costOfRevenue": 3907000000, "grossProfit": 12722000000, "grossProfitRatio": 0.7650490108, "researchAndDevelopmentExpenses": 2290000000, "generalAndAdministrativeExpenses": 831000000, "sellingAndMarketingExpenses": 3662000000, "sellingGeneralAndAdministrativeExpenses": 4493000000, "otherExpenses": 0, "operatingExpenses": 6783000000, "costAndExpenses": 10690000000, "interestIncome": 175000000, "interestExpense": 0, "depreciationAndAmortization": 632000000, "ebitda": 6571000000, "ebitdaratio": 0.3951530459, "operatingIncome": 5939000000, "operatingIncomeRatio": 0.3571471526, "totalOtherIncomeExpensesNet": -301000000, "incomeBeforeTax": 5638000000, "incomeBeforeTaxRatio": 0.3390462445, "incomeTaxExpense": 1464000000, "netIncome": 4174000000, "netIncomeRatio": 0.2510072764, "eps": 0.47, "epsdiluted": 0.47, "weightedAverageShsOut": 8903000000, "weightedAverageShsOutDil": 8914000000, "link": "https://www.sec.gov/Archives/edgar/data/789019/000119312509009386/0001193125-09-009386-index.htm", "finalLink": "https://www.sec.gov/Archives/edgar/data/789019/000119312509009386/d10q.htm"}, {"date": "2008-09-30", "symbol": "MSFT", "reportedCurrency": "USD", "cik": "0000789019", "fillingDate": "2008-10-23", "acceptedDate": "2008-10-23 16:11:32", "calendarYear": "2009", "period": "Q1", "revenue": 15061000000, "costOfRevenue": 2848000000, "grossProfit": 12213000000, "grossProfitRatio": 0.8109023305, "researchAndDevelopmentExpenses": 2283000000, "generalAndAdministrativeExpenses": 887000000, "sellingAndMarketingExpenses": 3044000000, "sellingGeneralAndAdministrativeExpenses": 3931000000, "otherExpenses": 0, "operatingExpenses": 6214000000, "costAndExpenses": 9062000000, "interestIncome": 0, "interestExpense": 0, "depreciationAndAmortization": 585000000, "ebitda": 6584000000, "ebitdaratio": 0.4371555674, "operatingIncome": 5999000000, "operatingIncomeRatio": 0.398313525, "totalOtherIncomeExpensesNet": -8000000, "incomeBeforeTax": 5991000000, "incomeBeforeTaxRatio": 0.3977823518, "incomeTaxExpense": 1618000000, "netIncome": 4373000000, "netIncomeRatio": 0.2903525662, "eps": 0.48, "epsdiluted": 0.48, "weightedAverageShsOut": 9084000000, "weightedAverageShsOutDil": 9183000000, "link": "https://www.sec.gov/Archives/edgar/data/789019/000119312508215207/0001193125-08-215207-index.htm", "finalLink": "https://www.sec.gov/Archives/edgar/data/789019/000119312508215207/d10q.htm"}, {"date": "2008-06-30", "symbol": "MSFT", "reportedCurrency": "USD", "cik": "0000789019", "fillingDate": "2008-07-31", "acceptedDate": "2008-07-31 17:23:18", "calendarYear": "2008", "period": "Q4", "revenue": 15837000000, "costOfRevenue": 2866000000, "grossProfit": 12971000000, "grossProfitRatio": 0.8190313822, "researchAndDevelopmentExpenses": 2407000000, "generalAndAdministrativeExpenses": 781000000, "sellingAndMarketingExpenses": 4099000000, "sellingGeneralAndAdministrativeExpenses": 4880000000, "otherExpenses": 0, "operatingExpenses": 7287000000, "costAndExpenses": 10153000000, "interestIncome": 0, "interestExpense": 0, "depreciationAndAmortization": 608000000, "ebitda": 6292000000, "ebitdaratio": 0.397297468, "operatingIncome": 5684000000, "operatingIncomeRatio": 0.3589063585, "totalOtherIncomeExpensesNet": 284000000, "incomeBeforeTax": 5968000000, "incomeBeforeTaxRatio": 0.3768390478, "incomeTaxExpense": 1671000000, "netIncome": 4297000000, "netIncomeRatio": 0.2713266401, "eps": 0.47, "epsdiluted": 0.46, "weightedAverageShsOut": 9265000000, "weightedAverageShsOutDil": 9404000000, "link": "https://www.sec.gov/Archives/edgar/data/789019/000119312508162768/0001193125-08-162768-index.htm", "finalLink": "https://www.sec.gov/Archives/edgar/data/789019/000119312508162768/d10k.htm"}, {"date": "2008-03-31", "symbol": "MSFT", "reportedCurrency": "USD", "cik": "0000789019", "fillingDate": "2008-04-24", "acceptedDate": "2008-04-24 16:16:28", "calendarYear": "2008", "period": "Q3", "revenue": 14454000000, "costOfRevenue": 2514000000, "grossProfit": 11940000000, "grossProfitRatio": 0.8260689083, "researchAndDevelopmentExpenses": 2035000000, "generalAndAdministrativeExpenses": 2341000000, "sellingAndMarketingExpenses": 3155000000, "sellingGeneralAndAdministrativeExpenses": 5496000000, "otherExpenses": 0, "operatingExpenses": 7531000000, "costAndExpenses": 10045000000, "interestIncome": 0, "interestExpense": 0, "depreciationAndAmortization": 532000000, "ebitda": 4941000000, "ebitdaratio": 0.3418430884, "operatingIncome": 4409000000, "operatingIncomeRatio": 0.3050366681, "totalOtherIncomeExpensesNet": 401000000, "incomeBeforeTax": 4810000000, "incomeBeforeTaxRatio": 0.3327798533, "incomeTaxExpense": 422000000, "netIncome": 4388000000, "netIncomeRatio": 0.303583783, "eps": 0.47, "epsdiluted": 0.47, "weightedAverageShsOut": 9307000000, "weightedAverageShsOutDil": 9428000000, "link": "https://www.sec.gov/Archives/edgar/data/789019/000119312508089362/0001193125-08-089362-index.htm", "finalLink": "https://www.sec.gov/Archives/edgar/data/789019/000119312508089362/d10q.htm"}, {"date": "2007-12-31", "symbol": "MSFT", "reportedCurrency": "USD", "cik": "0000789019", "fillingDate": "2008-01-24", "acceptedDate": "2008-01-24 16:17:33", "calendarYear": "2008", "period": "Q2", "revenue": 16367000000, "costOfRevenue": 3543000000, "grossProfit": 12824000000, "grossProfitRatio": 0.7835278304, "researchAndDevelopmentExpenses": 1885000000, "generalAndAdministrativeExpenses": 1066000000, "sellingAndMarketingExpenses": 3392000000, "sellingGeneralAndAdministrativeExpenses": 4458000000, "otherExpenses": 0, "operatingExpenses": 6343000000, "costAndExpenses": 9886000000, "interestIncome": 0, "interestExpense": 0, "depreciationAndAmortization": 481000000, "ebitda": 6962000000, "ebitdaratio": 0.4253681188, "operatingIncome": 6481000000, "operatingIncomeRatio": 0.3959797153, "totalOtherIncomeExpensesNet": 339000000, "incomeBeforeTax": 6820000000, "incomeBeforeTaxRatio": 0.4166921244, "incomeTaxExpense": 2113000000, "netIncome": 4707000000, "netIncomeRatio": 0.2875908841, "eps": 0.5, "epsdiluted": 0.5, "weightedAverageShsOut": 9361000000, "weightedAverageShsOutDil": 9503000000, "link": "https://www.sec.gov/Archives/edgar/data/789019/000119312508011476/0001193125-08-011476-index.htm", "finalLink": "https://www.sec.gov/Archives/edgar/data/789019/000119312508011476/d10q.htm"}, {"date": "2007-09-30", "symbol": "MSFT", "reportedCurrency": "USD", "cik": "0000789019", "fillingDate": "2007-10-25", "acceptedDate": "2007-10-25 16:12:14", "calendarYear": "2008", "period": "Q1", "revenue": 13762000000, "costOfRevenue": 2675000000, "grossProfit": 11087000000, "grossProfitRatio": 0.8056241825, "researchAndDevelopmentExpenses": 1837000000, "generalAndAdministrativeExpenses": 718000000, "sellingAndMarketingExpenses": 2614000000, "sellingGeneralAndAdministrativeExpenses": 3332000000, "otherExpenses": 0, "operatingExpenses": 5169000000, "costAndExpenses": 7844000000, "interestIncome": 0, "interestExpense": 0, "depreciationAndAmortization": 435000000, "ebitda": 6353000000, "ebitdaratio": 0.4616334835, "operatingIncome": 5918000000, "operatingIncomeRatio": 0.4300247057, "totalOtherIncomeExpensesNet": 298000000, "incomeBeforeTax": 6216000000, "incomeBeforeTaxRatio": 0.4516785351, "incomeTaxExpense": 1927000000, "netIncome": 4289000000, "netIncomeRatio": 0.3116552827, "eps": 0.46, "epsdiluted": 0.45, "weightedAverageShsOut": 9380000000, "weightedAverageShsOutDil": 9513000000, "link": "https://www.sec.gov/Archives/edgar/data/789019/000119312507225854/0001193125-07-225854-index.htm", "finalLink": "https://www.sec.gov/Archives/edgar/data/789019/000119312507225854/d10q.htm"}, {"date": "2007-06-30", "symbol": "MSFT", "reportedCurrency": "USD", "cik": "0000789019", "fillingDate": "2007-08-03", "acceptedDate": "2007-08-03 17:13:48", "calendarYear": "2007", "period": "Q4", "revenue": 13371000000, "costOfRevenue": 3237000000, "grossProfit": 10134000000, "grossProfitRatio": 0.7579089073, "researchAndDevelopmentExpenses": 1948000000, "generalAndAdministrativeExpenses": 782000000, "sellingAndMarketingExpenses": 3415000000, "sellingGeneralAndAdministrativeExpenses": 4197000000, "otherExpenses": 0, "operatingExpenses": 6145000000, "costAndExpenses": 9382000000, "interestIncome": 0, "interestExpense": 0, "depreciationAndAmortization": 381000000, "ebitda": 4370000000, "ebitdaratio": 0.3268267145, "operatingIncome": 3989000000, "operatingIncomeRatio": 0.2983322115, "totalOtherIncomeExpensesNet": 295000000, "incomeBeforeTax": 4284000000, "incomeBeforeTaxRatio": 0.3203948845, "incomeTaxExpense": 1249000000, "netIncome": 3035000000, "netIncomeRatio": 0.2269837708, "eps": 0.32, "epsdiluted": 0.31, "weightedAverageShsOut": 9505000000, "weightedAverageShsOutDil": 9679000000, "link": "https://www.sec.gov/Archives/edgar/data/789019/000119312507170817/0001193125-07-170817-index.htm", "finalLink": "https://www.sec.gov/Archives/edgar/data/789019/000119312507170817/d10k.htm"}, {"date": "2007-03-31", "symbol": "MSFT", "reportedCurrency": "USD", "cik": "0000789019", "fillingDate": "2007-04-26", "acceptedDate": "2007-04-26 16:11:25", "calendarYear": "2007", "period": "Q3", "revenue": 14398000000, "costOfRevenue": 2140000000, "grossProfit": 12258000000, "grossProfitRatio": 0.8513682456, "researchAndDevelopmentExpenses": 1750000000, "generalAndAdministrativeExpenses": 983000000, "sellingAndMarketingExpenses": 2936000000, "sellingGeneralAndAdministrativeExpenses": 3919000000, "otherExpenses": 0, "operatingExpenses": 5669000000, "costAndExpenses": 7809000000, "interestIncome": 0, "interestExpense": 0, "depreciationAndAmortization": 445000000, "ebitda": 7034000000, "ebitdaratio": 0.488540075, "operatingIncome": 6589000000, "operatingIncomeRatio": 0.4576330046, "totalOtherIncomeExpensesNet": 382000000, "incomeBeforeTax": 6971000000, "incomeBeforeTaxRatio": 0.4841644673, "incomeTaxExpense": 2045000000, "netIncome": 4926000000, "netIncomeRatio": 0.3421308515, "eps": 0.51, "epsdiluted": 0.5, "weightedAverageShsOut": 9725000000, "weightedAverageShsOutDil": 9862000000, "link": "https://www.sec.gov/Archives/edgar/data/789019/000119312507091808/0001193125-07-091808-index.htm", "finalLink": "https://www.sec.gov/Archives/edgar/data/789019/000119312507091808/d10q.htm"}, {"date": "2006-12-31", "symbol": "MSFT", "reportedCurrency": "USD", "cik": "0000789019", "fillingDate": "2007-01-25", "acceptedDate": "2007-01-25 16:10:22", "calendarYear": "2007", "period": "Q2", "revenue": 12542000000, "costOfRevenue": 3620000000, "grossProfit": 8922000000, "grossProfitRatio": 0.7113697975, "researchAndDevelopmentExpenses": 1637000000, "generalAndAdministrativeExpenses": 814000000, "sellingAndMarketingExpenses": 2999000000, "sellingGeneralAndAdministrativeExpenses": 3813000000, "otherExpenses": 0, "operatingExpenses": 5450000000, "costAndExpenses": 9070000000, "interestIncome": 0, "interestExpense": 0, "depreciationAndAmortization": 365000000, "ebitda": 3837000000, "ebitdaratio": 0.3059320683, "operatingIncome": 3472000000, "operatingIncomeRatio": 0.2768298517, "totalOtherIncomeExpensesNet": 333000000, "incomeBeforeTax": 3805000000, "incomeBeforeTaxRatio": 0.303380641, "incomeTaxExpense": 1179000000, "netIncome": 2626000000, "netIncomeRatio": 0.209376495, "eps": 0.27, "epsdiluted": 0.26, "weightedAverageShsOut": 9806000000, "weightedAverageShsOutDil": 9942000000, "link": "https://www.sec.gov/Archives/edgar/data/789019/000119312507013034/0001193125-07-013034-index.htm", "finalLink": "https://www.sec.gov/Archives/edgar/data/789019/000119312507013034/d10q.htm"}, {"date": "2006-09-30", "symbol": "MSFT", "reportedCurrency": "USD", "cik": "0000789019", "fillingDate": "2006-10-26", "acceptedDate": "2006-10-26 16:15:38", "calendarYear": "2007", "period": "Q1", "revenue": 10811000000, "costOfRevenue": 1696000000, "grossProfit": 9115000000, "grossProfitRatio": 0.8431227454, "researchAndDevelopmentExpenses": 1786000000, "generalAndAdministrativeExpenses": 664000000, "sellingAndMarketingExpenses": 2191000000, "sellingGeneralAndAdministrativeExpenses": 2855000000, "otherExpenses": 0, "operatingExpenses": 4641000000, "costAndExpenses": 6337000000, "interestIncome": 0, "interestExpense": 0, "depreciationAndAmortization": 249000000, "ebitda": 4723000000, "ebitdaratio": 0.4368698548, "operatingIncome": 4474000000, "operatingIncomeRatio": 0.4138377578, "totalOtherIncomeExpensesNet": 567000000, "incomeBeforeTax": 5041000000, "incomeBeforeTaxRatio": 0.46628434, "incomeTaxExpense": 1563000000, "netIncome": 3478000000, "netIncomeRatio": 0.3217093701, "eps": 0.35, "epsdiluted": 0.35, "weightedAverageShsOut": 9929000000, "weightedAverageShsOutDil": 10010000000, "link": "https://www.sec.gov/Archives/edgar/data/789019/000119312506215912/0001193125-06-215912-index.htm", "finalLink": "https://www.sec.gov/Archives/edgar/data/789019/000119312506215912/d10q.htm"}, {"date": "2006-06-30", "symbol": "MSFT", "reportedCurrency": "USD", "cik": "0000789019", "fillingDate": "2006-08-25", "acceptedDate": "2006-08-25 17:13:53", "calendarYear": "2006", "period": "Q4", "revenue": 11804000000, "costOfRevenue": 2130000000, "grossProfit": 9674000000, "grossProfitRatio": 0.819552694, "researchAndDevelopmentExpenses": 1861000000, "generalAndAdministrativeExpenses": 1110000000, "sellingAndMarketingExpenses": 2822000000, "sellingGeneralAndAdministrativeExpenses": 3932000000, "otherExpenses": 0, "operatingExpenses": 5793000000, "costAndExpenses": 7923000000, "interestIncome": 0, "interestExpense": 0, "depreciationAndAmortization": 261000000, "ebitda": 4142000000, "ebitdaratio": 0.3508980007, "operatingIncome": 3881000000, "operatingIncomeRatio": 0.3287868519, "totalOtherIncomeExpensesNet": 377000000, "incomeBeforeTax": 4258000000, "incomeBeforeTaxRatio": 0.3607251779, "incomeTaxExpense": 1430000000, "netIncome": 2828000000, "netIncomeRatio": 0.2395798035, "eps": 0.28, "epsdiluted": 0.28, "weightedAverageShsOut": 10189000000, "weightedAverageShsOutDil": 10243000000, "link": "https://www.sec.gov/Archives/edgar/data/789019/000119312506180008/0001193125-06-180008-index.htm", "finalLink": "https://www.sec.gov/Archives/edgar/data/789019/000119312506180008/d10k.htm"}, {"date": "2006-03-31", "symbol": "MSFT", "reportedCurrency": "USD", "cik": "0000789019", "fillingDate": "2006-04-27", "acceptedDate": "2006-04-27 16:11:19", "calendarYear": "2006", "period": "Q3", "revenue": 10900000000, "costOfRevenue": 2028000000, "grossProfit": 8872000000, "grossProfitRatio": 0.8139449541, "researchAndDevelopmentExpenses": 1617000000, "generalAndAdministrativeExpenses": 1005000000, "sellingAndMarketingExpenses": 2362000000, "sellingGeneralAndAdministrativeExpenses": 3367000000, "otherExpenses": 0, "operatingExpenses": 4984000000, "costAndExpenses": 7012000000, "interestIncome": 0, "interestExpense": 0, "depreciationAndAmortization": 177000000, "ebitda": 4065000000, "ebitdaratio": 0.3729357798, "operatingIncome": 3888000000, "operatingIncomeRatio": 0.3566972477, "totalOtherIncomeExpensesNet": 427000000, "incomeBeforeTax": 4315000000, "incomeBeforeTaxRatio": 0.3958715596, "incomeTaxExpense": 1338000000, "netIncome": 2977000000, "netIncomeRatio": 0.2731192661, "eps": 0.29, "epsdiluted": 0.29, "weightedAverageShsOut": 10303000000, "weightedAverageShsOutDil": 10415000000, "link": "https://www.sec.gov/Archives/edgar/data/789019/000119312506091033/0001193125-06-091033-index.htm", "finalLink": "https://www.sec.gov/Archives/edgar/data/789019/000119312506091033/d10q.htm"}, {"date": "2005-12-31", "symbol": "MSFT", "reportedCurrency": "USD", "cik": "0000789019", "fillingDate": "2006-03-03", "acceptedDate": "2006-03-03 16:40:58", "calendarYear": "2006", "period": "Q2", "revenue": 11837000000, "costOfRevenue": 2239000000, "grossProfit": 9598000000, "grossProfitRatio": 0.8108473431, "researchAndDevelopmentExpenses": 1591000000, "generalAndAdministrativeExpenses": 661000000, "sellingAndMarketingExpenses": 2689000000, "sellingGeneralAndAdministrativeExpenses": 3350000000, "otherExpenses": 0, "operatingExpenses": 4941000000, "costAndExpenses": 7180000000, "interestIncome": 0, "interestExpense": 0, "depreciationAndAmortization": 231000000, "ebitda": 4888000000, "ebitdaratio": 0.4129424685, "operatingIncome": 4657000000, "operatingIncomeRatio": 0.3934273887, "totalOtherIncomeExpensesNet": 480000000, "incomeBeforeTax": 5137000000, "incomeBeforeTaxRatio": 0.4339782039, "incomeTaxExpense": 1484000000, "netIncome": 3653000000, "netIncomeRatio": 0.3086086002, "eps": 0.35, "epsdiluted": 0.34, "weightedAverageShsOut": 10560000000, "weightedAverageShsOutDil": 10638000000, "link": "https://www.sec.gov/Archives/edgar/data/789019/000119312506045107/0001193125-06-045107-index.htm", "finalLink": "https://www.sec.gov/Archives/edgar/data/789019/000119312506045107/d10qa.htm"}, {"date": "2005-09-30", "symbol": "MSFT", "reportedCurrency": "USD", "cik": "0000789019", "fillingDate": "2005-10-27", "acceptedDate": "2005-10-27 16:16:19", "calendarYear": "2006", "period": "Q1", "revenue": 9741000000, "costOfRevenue": 1253000000, "grossProfit": 8488000000, "grossProfitRatio": 0.8713684427, "researchAndDevelopmentExpenses": 1515000000, "generalAndAdministrativeExpenses": 982000000, "sellingAndMarketingExpenses": 1945000000, "sellingGeneralAndAdministrativeExpenses": 2927000000, "otherExpenses": 0, "operatingExpenses": 4442000000, "costAndExpenses": 5695000000, "interestIncome": 0, "interestExpense": 0, "depreciationAndAmortization": 234000000, "ebitda": 4280000000, "ebitdaratio": 0.4393799405, "operatingIncome": 4046000000, "operatingIncomeRatio": 0.4153577661, "totalOtherIncomeExpensesNet": 506000000, "incomeBeforeTax": 4552000000, "incomeBeforeTaxRatio": 0.4673031516, "incomeTaxExpense": 1411000000, "netIncome": 3141000000, "netIncomeRatio": 0.3224514937, "eps": 0.29, "epsdiluted": 0.29, "weightedAverageShsOut": 10696000000, "weightedAverageShsOutDil": 10772000000, "link": "https://www.sec.gov/Archives/edgar/data/789019/000119312505209978/0001193125-05-209978-index.htm", "finalLink": "https://www.sec.gov/Archives/edgar/data/789019/000119312505209978/d10q.htm"}, {"date": "2005-06-30", "symbol": "MSFT", "reportedCurrency": "USD", "cik": "0000789019", "fillingDate": "2005-08-26", "acceptedDate": "2005-08-25 19:59:54", "calendarYear": "2005", "period": "Q4", "revenue": 10161000000, "costOfRevenue": 1410000000, "grossProfit": 8751000000, "grossProfitRatio": 0.8612341305, "researchAndDevelopmentExpenses": 1691000000, "generalAndAdministrativeExpenses": 1301000000, "sellingAndMarketingExpenses": 2770000000, "sellingGeneralAndAdministrativeExpenses": 4071000000, "otherExpenses": 0, "operatingExpenses": 5762000000, "costAndExpenses": 7172000000, "interestIncome": 0, "interestExpense": 0, "depreciationAndAmortization": 282000000, "ebitda": 3271000000, "ebitdaratio": 0.3219171341, "operatingIncome": 2989000000, "operatingIncomeRatio": 0.2941639602, "totalOtherIncomeExpensesNet": 872000000, "incomeBeforeTax": 3861000000, "incomeBeforeTaxRatio": 0.3799822852, "incomeTaxExpense": 161000000, "netIncome": 3700000000, "netIncomeRatio": 0.3641373881, "eps": 0.34, "epsdiluted": 0.34, "weightedAverageShsOut": 10749000000, "weightedAverageShsOutDil": 10822000000, "link": "https://www.sec.gov/Archives/edgar/data/789019/000119312505174825/0001193125-05-174825-index.htm", "finalLink": "https://www.sec.gov/Archives/edgar/data/789019/000119312505174825/d10k.htm"}, {"date": "2005-03-31", "symbol": "MSFT", "reportedCurrency": "USD", "cik": "0000789019", "fillingDate": "2005-04-28", "acceptedDate": "2005-04-28 16:14:24", "calendarYear": "2005", "period": "Q3", "revenue": 9620000000, "costOfRevenue": 1363000000, "grossProfit": 8257000000, "grossProfitRatio": 0.8583160083, "researchAndDevelopmentExpenses": 1482000000, "generalAndAdministrativeExpenses": 1286000000, "sellingAndMarketingExpenses": 2098000000, "sellingGeneralAndAdministrativeExpenses": 3446000000, "otherExpenses": 0, "operatingExpenses": 4928000000, "costAndExpenses": 6291000000, "interestIncome": 0, "interestExpense": 0, "depreciationAndAmortization": 282000000, "ebitda": 3611000000, "ebitdaratio": 0.3753638254, "operatingIncome": 3329000000, "operatingIncomeRatio": 0.346049896, "totalOtherIncomeExpensesNet": 496000000, "incomeBeforeTax": 3825000000, "incomeBeforeTaxRatio": 0.3976091476, "incomeTaxExpense": 1262000000, "netIncome": 2563000000, "netIncomeRatio": 0.2664241164, "eps": 0.24, "epsdiluted": 0.23, "weightedAverageShsOut": 10856000000, "weightedAverageShsOutDil": 10931000000, "link": "https://www.sec.gov/Archives/edgar/data/789019/000119312505088562/0001193125-05-088562-index.htm", "finalLink": "https://www.sec.gov/Archives/edgar/data/789019/000119312505088562/d10q.htm"}, {"date": "2004-12-31", "symbol": "MSFT", "reportedCurrency": "USD", "cik": "0000789019", "fillingDate": "2005-01-27", "acceptedDate": "2005-01-27 16:07:11", "calendarYear": "2005", "period": "Q2", "revenue": 10818000000, "costOfRevenue": 1922000000, "grossProfit": 8896000000, "grossProfitRatio": 0.8223331485, "researchAndDevelopmentExpenses": 1437000000, "generalAndAdministrativeExpenses": 564000000, "sellingAndMarketingExpenses": 2146000000, "sellingGeneralAndAdministrativeExpenses": 2710000000, "otherExpenses": 0, "operatingExpenses": 4147000000, "costAndExpenses": 6069000000, "interestIncome": 0, "interestExpense": 0, "depreciationAndAmortization": 108000000, "ebitda": 4857000000, "ebitdaratio": 0.4489739323, "operatingIncome": 4749000000, "operatingIncomeRatio": 0.4389905713, "totalOtherIncomeExpensesNet": 420000000, "incomeBeforeTax": 5169000000, "incomeBeforeTaxRatio": 0.4778147532, "incomeTaxExpense": 1706000000, "netIncome": 3463000000, "netIncomeRatio": 0.3201146238, "eps": 0.32, "epsdiluted": 0.32, "weightedAverageShsOut": 10877000000, "weightedAverageShsOutDil": 10956000000, "link": "https://www.sec.gov/Archives/edgar/data/789019/000119312505013133/0001193125-05-013133-index.htm", "finalLink": "https://www.sec.gov/Archives/edgar/data/789019/000119312505013133/d10q.htm"}, {"date": "2004-09-30", "symbol": "MSFT", "reportedCurrency": "USD", "cik": "0000789019", "fillingDate": "2004-11-09", "acceptedDate": "2004-11-08 19:47:03", "calendarYear": "2005", "period": "Q1", "revenue": 9189000000, "costOfRevenue": 1405000000, "grossProfit": 7784000000, "grossProfitRatio": 0.8470997932, "researchAndDevelopmentExpenses": 1548000000, "generalAndAdministrativeExpenses": 1015000000, "sellingAndMarketingExpenses": 1663000000, "sellingGeneralAndAdministrativeExpenses": 2760000000, "otherExpenses": -18000000, "operatingExpenses": 4290000000, "costAndExpenses": 5695000000, "interestIncome": 0, "interestExpense": 0, "depreciationAndAmortization": 183000000, "ebitda": 3677000000, "ebitdaratio": 0.4001523561, "operatingIncome": 3494000000, "operatingIncomeRatio": 0.3802372402, "totalOtherIncomeExpensesNet": 279000000, "incomeBeforeTax": 3773000000, "incomeBeforeTaxRatio": 0.41059963, "incomeTaxExpense": 1245000000, "netIncome": 2528000000, "netIncomeRatio": 0.2751115464, "eps": 0.23, "epsdiluted": 0.23, "weightedAverageShsOut": 10873000000, "weightedAverageShsOutDil": 10920000000, "link": "https://www.sec.gov/Archives/edgar/data/789019/000119312504189841/0001193125-04-189841-index.htm", "finalLink": "https://www.sec.gov/Archives/edgar/data/789019/000119312504189841/d10q.htm"}, {"date": "2004-06-30", "symbol": "MSFT", "reportedCurrency": "USD", "cik": "0000789019", "fillingDate": "2004-09-01", "acceptedDate": "2004-09-01 17:03:00", "calendarYear": "2004", "period": "Q4", "revenue": 9292000000, "costOfRevenue": 1481000000, "grossProfit": 7811000000, "grossProfitRatio": 0.8406155833, "researchAndDevelopmentExpenses": 1659000000, "generalAndAdministrativeExpenses": 0, "sellingAndMarketingExpenses": 0, "sellingGeneralAndAdministrativeExpenses": 3019000000, "otherExpenses": 0, "operatingExpenses": 4678000000, "costAndExpenses": 6159000000, "interestIncome": 0, "interestExpense": 0, "depreciationAndAmortization": 309000000, "ebitda": 3442000000, "ebitdaratio": 0.3704261731, "operatingIncome": 3133000000, "operatingIncomeRatio": 0.3371717607, "totalOtherIncomeExpensesNet": 571000000, "incomeBeforeTax": 3704000000, "incomeBeforeTaxRatio": 0.3986224709, "incomeTaxExpense": 1014000000, "netIncome": 2690000000, "netIncomeRatio": 0.2894963409, "eps": 0.25, "epsdiluted": 0.25, "weightedAverageShsOut": 10824000000, "weightedAverageShsOutDil": 10879000000, "link": "https://www.sec.gov/Archives/edgar/data/789019/000119312504150689/0001193125-04-150689-index.htm", "finalLink": "https://www.sec.gov/Archives/edgar/data/789019/000119312504150689/d10k.htm"}, {"date": "2004-03-31", "symbol": "MSFT", "reportedCurrency": "USD", "cik": "0000789019", "fillingDate": "2004-05-03", "acceptedDate": "2004-05-03 17:05:33", "calendarYear": "2004", "period": "Q3", "revenue": 9175000000, "costOfRevenue": 1411000000, "grossProfit": 7764000000, "grossProfitRatio": 0.8462125341, "researchAndDevelopmentExpenses": 1538000000, "generalAndAdministrativeExpenses": 3020000000, "sellingAndMarketingExpenses": 1928000000, "sellingGeneralAndAdministrativeExpenses": 4948000000, "otherExpenses": 0, "operatingExpenses": 6486000000, "costAndExpenses": 7897000000, "interestIncome": 0, "interestExpense": 0, "depreciationAndAmortization": 249000000, "ebitda": 1527000000, "ebitdaratio": 0.1664305177, "operatingIncome": 1278000000, "operatingIncomeRatio": 0.1392915531, "totalOtherIncomeExpensesNet": 1001000000, "incomeBeforeTax": 2279000000, "incomeBeforeTaxRatio": 0.2483923706, "incomeTaxExpense": 964000000, "netIncome": 1315000000, "netIncomeRatio": 0.1433242507, "eps": 0.12, "epsdiluted": 0.12, "weightedAverageShsOut": 10785000000, "weightedAverageShsOutDil": 10856000000, "link": "https://www.sec.gov/Archives/edgar/data/789019/000119312504076795/0001193125-04-076795-index.htm", "finalLink": "https://www.sec.gov/Archives/edgar/data/789019/000119312504076795/d10q.htm"}, {"date": "2003-12-31", "symbol": "MSFT", "reportedCurrency": "USD", "cik": "0000789019", "fillingDate": "2004-02-06", "acceptedDate": "2004-02-06 14:12:45", "calendarYear": "2004", "period": "Q2", "revenue": 10153000000, "costOfRevenue": 2344000000, "grossProfit": 7809000000, "grossProfitRatio": 0.7691322762, "researchAndDevelopmentExpenses": 2971000000, "generalAndAdministrativeExpenses": 896000000, "sellingAndMarketingExpenses": 2467000000, "sellingGeneralAndAdministrativeExpenses": 3363000000, "otherExpenses": 0, "operatingExpenses": 6334000000, "costAndExpenses": 8678000000, "interestIncome": 0, "interestExpense": 0, "depreciationAndAmortization": 300000000, "ebitda": 1775000000, "ebitdaratio": 0.1748251748, "operatingIncome": 1475000000, "operatingIncomeRatio": 0.145277258, "totalOtherIncomeExpensesNet": 837000000, "incomeBeforeTax": 2312000000, "incomeBeforeTaxRatio": 0.227715946, "incomeTaxExpense": 763000000, "netIncome": 1549000000, "netIncomeRatio": 0.1525657441, "eps": 0.14, "epsdiluted": 0.14, "weightedAverageShsOut": 10810000000, "weightedAverageShsOutDil": 10899000000, "link": "https://www.sec.gov/Archives/edgar/data/789019/000119312504016249/0001193125-04-016249-index.htm", "finalLink": "https://www.sec.gov/Archives/edgar/data/789019/000119312504016249/d10q.htm"}, {"date": "2003-09-30", "symbol": "MSFT", "reportedCurrency": "USD", "cik": "0000789019", "fillingDate": "2003-11-13", "acceptedDate": "2003-11-13 17:21:58", "calendarYear": "2004", "period": "Q1", "revenue": 8215000000, "costOfRevenue": 1480000000, "grossProfit": 6735000000, "grossProfitRatio": 0.8198417529, "researchAndDevelopmentExpenses": 1611000000, "generalAndAdministrativeExpenses": 0, "sellingAndMarketingExpenses": 0, "sellingGeneralAndAdministrativeExpenses": 1976000000, "otherExpenses": 0, "operatingExpenses": 3587000000, "costAndExpenses": 5067000000, "interestIncome": 0, "interestExpense": 0, "depreciationAndAmortization": 328000000, "ebitda": 3476000000, "ebitdaratio": 0.4231284236, "operatingIncome": 3148000000, "operatingIncomeRatio": 0.3832014607, "totalOtherIncomeExpensesNet": 753000000, "incomeBeforeTax": 3901000000, "incomeBeforeTaxRatio": 0.4748630554, "incomeTaxExpense": 1287000000, "netIncome": 2614000000, "netIncomeRatio": 0.3181984175, "eps": 0.24, "epsdiluted": 0.24, "weightedAverageShsOut": 10811000000, "weightedAverageShsOutDil": 10885000000, "link": "https://www.sec.gov/Archives/edgar/data/789019/000119312503080353/0001193125-03-080353-index.htm", "finalLink": "https://www.sec.gov/Archives/edgar/data/789019/000119312503080353/d10q.htm"}, {"date": "2003-06-30", "symbol": "MSFT", "reportedCurrency": "USD", "cik": "0000789019", "fillingDate": "2003-09-05", "acceptedDate": "2003-09-04 19:42:47", "calendarYear": "2003", "period": "Q4", "revenue": 8065000000, "costOfRevenue": 1238000000, "grossProfit": 6827000000, "grossProfitRatio": 0.8464972102, "researchAndDevelopmentExpenses": 1336000000, "generalAndAdministrativeExpenses": 0, "sellingAndMarketingExpenses": 0, "sellingGeneralAndAdministrativeExpenses": 3298000000, "otherExpenses": 0, "operatingExpenses": 4634000000, "costAndExpenses": 5872000000, "interestIncome": 0, "interestExpense": 0, "depreciationAndAmortization": 472000000, "ebitda": 2665000000, "ebitdaratio": 0.3304401736, "operatingIncome": 2193000000, "operatingIncomeRatio": 0.2719156851, "totalOtherIncomeExpensesNet": 674000000, "incomeBeforeTax": 2867000000, "incomeBeforeTaxRatio": 0.3554866708, "incomeTaxExpense": 946000000, "netIncome": 1921000000, "netIncomeRatio": 0.2381897086, "eps": 0.14, "epsdiluted": 0.14, "weightedAverageShsOut": 10732000000, "weightedAverageShsOutDil": 10738000000, "link": "https://www.sec.gov/Archives/edgar/data/789019/000119312503045632/0001193125-03-045632-index.htm", "finalLink": "https://www.sec.gov/Archives/edgar/data/789019/000119312503045632/d10k.htm"}, {"date": "2003-03-31", "symbol": "MSFT", "reportedCurrency": "USD", "cik": "0000789019", "fillingDate": "2003-05-12", "acceptedDate": "2003-05-12 17:14:38", "calendarYear": "2003", "period": "Q3", "revenue": 7835000000, "costOfRevenue": 1274000000, "grossProfit": 6561000000, "grossProfitRatio": 0.8373962987, "researchAndDevelopmentExpenses": 1111000000, "generalAndAdministrativeExpenses": 300000000, "sellingAndMarketingExpenses": 1494000000, "sellingGeneralAndAdministrativeExpenses": 2125000000, "otherExpenses": -581000000, "operatingExpenses": 3817000000, "costAndExpenses": 5091000000, "interestIncome": 0, "interestExpense": 0, "depreciationAndAmortization": 419000000, "ebitda": 3163000000, "ebitdaratio": 0.4037013401, "operatingIncome": 2744000000, "operatingIncomeRatio": 0.3502233567, "totalOtherIncomeExpensesNet": 453000000, "incomeBeforeTax": 3197000000, "incomeBeforeTaxRatio": 0.4080408424, "incomeTaxExpense": 1055000000, "netIncome": 2142000000, "netIncomeRatio": 0.2733886407, "eps": 0.2, "epsdiluted": 0.2, "weightedAverageShsOut": 10715000000, "weightedAverageShsOutDil": 10837000000, "link": "https://www.sec.gov/Archives/edgar/data/789019/000103221003000809/0001032210-03-000809-index.htm", "finalLink": "https://www.sec.gov/Archives/edgar/data/789019/000103221003000809/d10q.htm"}, {"date": "2002-12-31", "symbol": "MSFT", "reportedCurrency": "USD", "cik": "0000789019", "fillingDate": "2003-01-31", "acceptedDate": "2003-01-31 17:23:05", "calendarYear": "2003", "period": "Q2", "revenue": 8541000000, "costOfRevenue": 2137000000, "grossProfit": 6404000000, "grossProfitRatio": 0.749795106, "researchAndDevelopmentExpenses": 1118000000, "generalAndAdministrativeExpenses": 427000000, "sellingAndMarketingExpenses": 1703000000, "sellingGeneralAndAdministrativeExpenses": 2656000000, "otherExpenses": -242000000, "operatingExpenses": 4171000000, "costAndExpenses": 6308000000, "interestIncome": 0, "interestExpense": 0, "depreciationAndAmortization": 275000000, "ebitda": 2508000000, "ebitdaratio": 0.2936424306, "operatingIncome": 2233000000, "operatingIncomeRatio": 0.2614447957, "totalOtherIncomeExpensesNet": 363000000, "incomeBeforeTax": 2596000000, "incomeBeforeTaxRatio": 0.3039456738, "incomeTaxExpense": 731000000, "netIncome": 1865000000, "netIncomeRatio": 0.218358506, "eps": 0.17, "epsdiluted": 0.17, "weightedAverageShsOut": 10703000000, "weightedAverageShsOutDil": 10846000000, "link": "https://www.sec.gov/Archives/edgar/data/789019/000103221003000121/0001032210-03-000121-index.htm", "finalLink": "https://www.sec.gov/Archives/edgar/data/789019/000103221003000121/d10q.htm"}, {"date": "2002-09-30", "symbol": "MSFT", "reportedCurrency": "USD", "cik": "0000789019", "fillingDate": "2002-11-14", "acceptedDate": "2002-11-14 16:16:23", "calendarYear": "2003", "period": "Q1", "revenue": 7746000000, "costOfRevenue": 1344000000, "grossProfit": 6402000000, "grossProfitRatio": 0.8264910922, "researchAndDevelopmentExpenses": 1094000000, "generalAndAdministrativeExpenses": 183000000, "sellingAndMarketingExpenses": 1220000000, "sellingGeneralAndAdministrativeExpenses": 1667000000, "otherExpenses": -613000000, "operatingExpenses": 3374000000, "costAndExpenses": 4718000000, "interestIncome": 0, "interestExpense": 0, "depreciationAndAmortization": 273000000, "ebitda": 3301000000, "ebitdaratio": 0.4261554351, "operatingIncome": 3028000000, "operatingIncomeRatio": 0.3909114382, "totalOtherIncomeExpensesNet": 19000000, "incomeBeforeTax": 3047000000, "incomeBeforeTaxRatio": 0.3933643171, "incomeTaxExpense": 1006000000, "netIncome": 2041000000, "netIncomeRatio": 0.263490834, "eps": 0.19, "epsdiluted": 0.19, "weightedAverageShsOut": 10739000000, "weightedAverageShsOutDil": 10933000000, "link": "https://www.sec.gov/Archives/edgar/data/789019/000103221002001614/0001032210-02-001614-index.htm", "finalLink": "https://www.sec.gov/Archives/edgar/data/789019/000103221002001614/d10q.htm"}, {"date": "2002-06-30", "symbol": "MSFT", "reportedCurrency": "USD", "cik": "0000789019", "fillingDate": "2002-09-06", "acceptedDate": "2002-09-05 20:20:11", "calendarYear": "2002", "period": "Q4", "revenue": 7253000000, "costOfRevenue": 1368000000, "grossProfit": 5885000000, "grossProfitRatio": 0.811388391, "researchAndDevelopmentExpenses": 1184000000, "generalAndAdministrativeExpenses": 0, "sellingAndMarketingExpenses": 0, "sellingGeneralAndAdministrativeExpenses": 1827000000, "otherExpenses": 0, "operatingExpenses": 3011000000, "costAndExpenses": 4379000000, "interestIncome": 0, "interestExpense": 0, "depreciationAndAmortization": 359000000, "ebitda": 3233000000, "ebitdaratio": 0.4457465876, "operatingIncome": 2874000000, "operatingIncomeRatio": 0.3962498277, "totalOtherIncomeExpensesNet": -631000000, "incomeBeforeTax": 2243000000, "incomeBeforeTaxRatio": 0.3092513443, "incomeTaxExpense": 718000000, "netIncome": 1525000000, "netIncomeRatio": 0.2102578243, "eps": 0.14, "epsdiluted": 0.13, "weightedAverageShsOut": 10829000000, "weightedAverageShsOutDil": 11049000000, "link": "https://www.sec.gov/Archives/edgar/data/789019/000103221002001351/0001032210-02-001351-index.htm", "finalLink": "https://www.sec.gov/Archives/edgar/data/789019/000103221002001351/d10k.htm"}, {"date": "2002-03-31", "symbol": "MSFT", "reportedCurrency": "USD", "cik": "0000789019", "fillingDate": "2002-04-30", "acceptedDate": "2002-04-29 19:42:23", "calendarYear": "2002", "period": "Q3", "revenue": 7245000000, "costOfRevenue": 1395000000, "grossProfit": 5850000000, "grossProfitRatio": 0.8074534161, "researchAndDevelopmentExpenses": 1066000000, "generalAndAdministrativeExpenses": 246000000, "sellingAndMarketingExpenses": 1240000000, "sellingGeneralAndAdministrativeExpenses": 1486000000, "otherExpenses": 0, "operatingExpenses": 2552000000, "costAndExpenses": 3947000000, "interestIncome": 0, "interestExpense": 0, "depreciationAndAmortization": 148000000, "ebitda": 3446000000, "ebitdaratio": 0.4756383713, "operatingIncome": 3298000000, "operatingIncomeRatio": 0.45521049, "totalOtherIncomeExpensesNet": 728000000, "incomeBeforeTax": 4026000000, "incomeBeforeTaxRatio": 0.5556935818, "incomeTaxExpense": 1288000000, "netIncome": 2738000000, "netIncomeRatio": 0.377915804, "eps": 0.25, "epsdiluted": 0.25, "weightedAverageShsOut": 10830000000, "weightedAverageShsOutDil": 11129000000, "link": "https://www.sec.gov/Archives/edgar/data/789019/000103221002000709/0001032210-02-000709-index.htm", "finalLink": "https://www.sec.gov/Archives/edgar/data/789019/000103221002000709/d10q.htm"}, {"date": "2001-12-31", "symbol": "MSFT", "reportedCurrency": "USD", "cik": "0000789019", "fillingDate": "2002-03-25", "acceptedDate": "2002-03-25 00:00:00", "calendarYear": "2002", "period": "Q2", "revenue": 7741000000, "costOfRevenue": 1544000000, "grossProfit": 6197000000, "grossProfitRatio": 0.8005425656, "researchAndDevelopmentExpenses": 1044000000, "generalAndAdministrativeExpenses": 0, "sellingAndMarketingExpenses": 0, "sellingGeneralAndAdministrativeExpenses": 2312000000, "otherExpenses": 0, "operatingExpenses": 3356000000, "costAndExpenses": 4900000000, "interestIncome": 0, "interestExpense": 0, "depreciationAndAmortization": 295000000, "ebitda": 3136000000, "ebitdaratio": 0.4051156181, "operatingIncome": 2841000000, "operatingIncomeRatio": 0.3670068467, "totalOtherIncomeExpensesNet": 516000000, "incomeBeforeTax": 3357000000, "incomeBeforeTaxRatio": 0.4336649012, "incomeTaxExpense": 1074000000, "netIncome": 2283000000, "netIncomeRatio": 0.2949231365, "eps": 0.21, "epsdiluted": 0.21, "weightedAverageShsOut": 10790000000, "weightedAverageShsOutDil": 11112000000, "link": "https://www.sec.gov/Archives/edgar/data/789019/000103221002000453/0001032210-02-000453-index.htm", "finalLink": "https://www.sec.gov/Archives/edgar/data/789019/000103221002000453/d10qa.txt"}, {"date": "2001-09-30", "symbol": "MSFT", "reportedCurrency": "USD", "cik": "0000789019", "fillingDate": "2002-03-25", "acceptedDate": "2002-03-25 00:00:00", "calendarYear": "2002", "period": "Q1", "revenue": 6126000000, "costOfRevenue": 884000000, "grossProfit": 5242000000, "grossProfitRatio": 0.8556970291, "researchAndDevelopmentExpenses": 1013000000, "generalAndAdministrativeExpenses": 0, "sellingAndMarketingExpenses": 0, "sellingGeneralAndAdministrativeExpenses": 1332000000, "otherExpenses": 0, "operatingExpenses": 2345000000, "costAndExpenses": 3229000000, "interestIncome": 0, "interestExpense": 0, "depreciationAndAmortization": 282000000, "ebitda": 3179000000, "ebitdaratio": 0.518935684, "operatingIncome": 2897000000, "operatingIncomeRatio": 0.4729023833, "totalOtherIncomeExpensesNet": -1010000000, "incomeBeforeTax": 1887000000, "incomeBeforeTaxRatio": 0.3080313418, "incomeTaxExpense": 604000000, "netIncome": 1283000000, "netIncomeRatio": 0.2094351943, "eps": 0.12, "epsdiluted": 0.12, "weightedAverageShsOut": 10796000000, "weightedAverageShsOutDil": 11134000000, "link": "https://www.sec.gov/Archives/edgar/data/789019/000103221002000454/0001032210-02-000454-index.htm", "finalLink": "https://www.sec.gov/Archives/edgar/data/789019/000103221002000454/d10qa.txt"}, {"date": "2001-06-30", "symbol": "MSFT", "reportedCurrency": "USD", "cik": "0000789019", "fillingDate": "2001-09-18", "acceptedDate": "2001-09-18 00:00:00", "calendarYear": "2001", "period": "Q4", "revenue": 6455000000, "costOfRevenue": 1717000000, "grossProfit": 4738000000, "grossProfitRatio": 0.7340046476, "researchAndDevelopmentExpenses": 1364000000, "generalAndAdministrativeExpenses": 0, "sellingAndMarketingExpenses": 0, "sellingGeneralAndAdministrativeExpenses": 1595000000, "otherExpenses": 0, "operatingExpenses": 1987000000, "costAndExpenses": 3704000000, "interestIncome": 0, "interestExpense": 0, "depreciationAndAmortization": 564000000, "ebitda": 3315000000, "ebitdaratio": 0.5135553834, "operatingIncome": 2751000000, "operatingIncomeRatio": 0.4261812548, "totalOtherIncomeExpensesNet": -2653000000, "incomeBeforeTax": 98000000, "incomeBeforeTaxRatio": 0.0151820294, "incomeTaxExpense": 33000000, "netIncome": 65000000, "netIncomeRatio": 0.0100697134, "eps": 0.005, "epsdiluted": 0.005, "weightedAverageShsOut": 10760000000, "weightedAverageShsOutDil": 11142000000, "link": "https://www.sec.gov/Archives/edgar/data/789019/000103221001501099/0001032210-01-501099-index.htm", "finalLink": "https://www.sec.gov/Archives/edgar/data/789019/000103221001501099/d10k.txt"}, {"date": "2001-03-31", "symbol": "MSFT", "reportedCurrency": "USD", "cik": "0000789019", "fillingDate": "2001-05-15", "acceptedDate": "2001-05-15 00:00:00", "calendarYear": "2001", "period": "Q3", "revenue": 6403000000, "costOfRevenue": 899000000, "grossProfit": 5504000000, "grossProfitRatio": 0.8595970639, "researchAndDevelopmentExpenses": 1069000000, "generalAndAdministrativeExpenses": 0, "sellingAndMarketingExpenses": 0, "sellingGeneralAndAdministrativeExpenses": 1437000000, "otherExpenses": 0, "operatingExpenses": 2506000000, "costAndExpenses": 3405000000, "interestIncome": 0, "interestExpense": 0, "depreciationAndAmortization": 483000000, "ebitda": 3481000000, "ebitdaratio": 0.5436514134, "operatingIncome": 2998000000, "operatingIncomeRatio": 0.4682180228, "totalOtherIncomeExpensesNet": 660000000, "incomeBeforeTax": 3658000000, "incomeBeforeTaxRatio": 0.5712947056, "incomeTaxExpense": 1207000000, "netIncome": 2451000000, "netIncomeRatio": 0.3827893175, "eps": 0.23, "epsdiluted": 0.22, "weightedAverageShsOut": 10672000000, "weightedAverageShsOutDil": 11126000000, "link": "https://www.sec.gov/Archives/edgar/data/789019/000103221001500604/0001032210-01-500604-index.htm", "finalLink": "https://www.sec.gov/Archives/edgar/data/789019/000103221001500604/d10q.txt"}, {"date": "2000-12-31", "symbol": "MSFT", "reportedCurrency": "USD", "cik": "0000789019", "fillingDate": "2001-02-14", "acceptedDate": "2001-02-14 00:00:00", "calendarYear": "2001", "period": "Q2", "revenue": 6550000000, "costOfRevenue": 864000000, "grossProfit": 5686000000, "grossProfitRatio": 0.8680916031, "researchAndDevelopmentExpenses": 990000000, "generalAndAdministrativeExpenses": 0, "sellingAndMarketingExpenses": 0, "sellingGeneralAndAdministrativeExpenses": 1502000000, "otherExpenses": 0, "operatingExpenses": 2492000000, "costAndExpenses": 3356000000, "interestIncome": 0, "interestExpense": 0, "depreciationAndAmortization": 239000000, "ebitda": 3433000000, "ebitdaratio": 0.5241221374, "operatingIncome": 3194000000, "operatingIncomeRatio": 0.4876335878, "totalOtherIncomeExpensesNet": 723000000, "incomeBeforeTax": 3917000000, "incomeBeforeTaxRatio": 0.5980152672, "incomeTaxExpense": 1293000000, "netIncome": 2624000000, "netIncomeRatio": 0.400610687, "eps": 0.25, "epsdiluted": 0.24, "weightedAverageShsOut": 10660000000, "weightedAverageShsOutDil": 11140000000, "link": "https://www.sec.gov/Archives/edgar/data/789019/000103221001000273/0001032210-01-000273-index.htm", "finalLink": "https://www.sec.gov/Archives/edgar/data/789019/000103221001000273/0001032210-01-000273-0001.txt"}, {"date": "2000-09-30", "symbol": "MSFT", "reportedCurrency": "USD", "cik": "0000789019", "fillingDate": "2000-11-14", "acceptedDate": "2000-11-14 00:00:00", "calendarYear": "2001", "period": "Q1", "revenue": 5766000000, "costOfRevenue": 825000000, "grossProfit": 4941000000, "grossProfitRatio": 0.8569198751, "researchAndDevelopmentExpenses": 956000000, "generalAndAdministrativeExpenses": 0, "sellingAndMarketingExpenses": 0, "sellingGeneralAndAdministrativeExpenses": 1208000000, "otherExpenses": 0, "operatingExpenses": 2164000000, "costAndExpenses": 2989000000, "interestIncome": 0, "interestExpense": 0, "depreciationAndAmortization": 250000000, "ebitda": 3027000000, "ebitdaratio": 0.5249739854, "operatingIncome": 2777000000, "operatingIncomeRatio": 0.4816163718, "totalOtherIncomeExpensesNet": 1075000000, "incomeBeforeTax": 3852000000, "incomeBeforeTaxRatio": 0.6680541103, "incomeTaxExpense": 1271000000, "netIncome": 2206000000, "netIncomeRatio": 0.3825875824, "eps": 0.21, "epsdiluted": 0.2, "weightedAverageShsOut": 10598000000, "weightedAverageShsOutDil": 11114000000, "link": "https://www.sec.gov/Archives/edgar/data/789019/000103221000500038/0001032210-00-500038-index.htm", "finalLink": "https://www.sec.gov/Archives/edgar/data/789019/000103221000500038/0001032210-00-500038-0001.txt"}, {"date": "2000-06-30", "symbol": "MSFT", "reportedCurrency": "USD", "cik": "0000789019", "fillingDate": "2000-09-28", "acceptedDate": "2000-09-28 00:00:00", "calendarYear": "2000", "period": "Q4", "revenue": 5804000000, "costOfRevenue": 1074000000, "grossProfit": 4730000000, "grossProfitRatio": 0.8149552033, "researchAndDevelopmentExpenses": 1040000000, "generalAndAdministrativeExpenses": 0, "sellingAndMarketingExpenses": 0, "sellingGeneralAndAdministrativeExpenses": 1353000000, "otherExpenses": -292000000, "operatingExpenses": 2101000000, "costAndExpenses": 3175000000, "interestIncome": 0, "interestExpense": 0, "depreciationAndAmortization": -292000000, "ebitda": 2337000000, "ebitdaratio": 0.4026533425, "operatingIncome": 2629000000, "operatingIncomeRatio": 0.4529634735, "totalOtherIncomeExpensesNet": 1022000000, "incomeBeforeTax": 3651000000, "incomeBeforeTaxRatio": 0.6290489318, "incomeTaxExpense": 1242000000, "netIncome": 2409000000, "netIncomeRatio": 0.4150585803, "eps": 0.22, "epsdiluted": 0.22, "weightedAverageShsOut": 10334000000, "weightedAverageShsOutDil": 11052235294, "link": "https://www.sec.gov/Archives/edgar/data/789019/000103221000001961/0001032210-00-001961-index.htm", "finalLink": "https://www.sec.gov/Archives/edgar/data/789019/000103221000001961/0001032210-00-001961-0001.txt"}, {"date": "2000-03-31", "symbol": "MSFT", "reportedCurrency": "USD", "cik": "0000789019", "fillingDate": "2000-05-12", "acceptedDate": "2000-05-12 00:00:00", "calendarYear": "2000", "period": "Q3", "revenue": 5656000000, "costOfRevenue": 477000000, "grossProfit": 5179000000, "grossProfitRatio": 0.9156647808, "researchAndDevelopmentExpenses": 990000000, "generalAndAdministrativeExpenses": 0, "sellingAndMarketingExpenses": 0, "sellingGeneralAndAdministrativeExpenses": 1195000000, "otherExpenses": 259000000, "operatingExpenses": 2444000000, "costAndExpenses": 2921000000, "interestIncome": 0, "interestExpense": 0, "depreciationAndAmortization": 275000000, "ebitda": 3010000000, "ebitdaratio": 0.5321782178, "operatingIncome": 2735000000, "operatingIncomeRatio": 0.4835572843, "totalOtherIncomeExpensesNet": 878000000, "incomeBeforeTax": 3613000000, "incomeBeforeTaxRatio": 0.6387906648, "incomeTaxExpense": 1228000000, "netIncome": 2385000000, "netIncomeRatio": 0.4216760962, "eps": 0.23, "epsdiluted": 0.22, "weightedAverageShsOut": 10418000000, "weightedAverageShsOutDil": 11086000000, "link": "https://www.sec.gov/Archives/edgar/data/789019/000103221000001019/0001032210-00-001019-index.html", "finalLink": "https://www.sec.gov/Archives/edgar/data/789019/000103221000001019/"}, {"date": "1999-12-31", "symbol": "MSFT", "reportedCurrency": "USD", "cik": "0000789019", "fillingDate": "2000-02-11", "acceptedDate": "2000-02-11 00:00:00", "calendarYear": "2000", "period": "Q2", "revenue": 6112000000, "costOfRevenue": 431000000, "grossProfit": 5681000000, "grossProfitRatio": 0.9294829843, "researchAndDevelopmentExpenses": 911000000, "generalAndAdministrativeExpenses": 0, "sellingAndMarketingExpenses": 0, "sellingGeneralAndAdministrativeExpenses": 1527000000, "otherExpenses": -263000000, "operatingExpenses": 2750000000, "costAndExpenses": 3181000000, "interestIncome": 0, "interestExpense": 0, "depreciationAndAmortization": 325000000, "ebitda": 3256000000, "ebitdaratio": 0.5327225131, "operatingIncome": 2931000000, "operatingIncomeRatio": 0.4795484293, "totalOtherIncomeExpensesNet": 760000000, "incomeBeforeTax": 3691000000, "incomeBeforeTaxRatio": 0.6038939791, "incomeTaxExpense": 1255000000, "netIncome": 2436000000, "netIncomeRatio": 0.3985602094, "eps": 0.24, "epsdiluted": 0.22, "weightedAverageShsOut": 10326000000, "weightedAverageShsOutDil": 11076000000, "link": "https://www.sec.gov/Archives/edgar/data/789019/000103221000000218/0001032210-00-000218-index.html", "finalLink": "https://www.sec.gov/Archives/edgar/data/789019/000103221000000218/"}, {"date": "1999-09-30", "symbol": "MSFT", "reportedCurrency": "USD", "cik": "0000789019", "fillingDate": "1999-11-05", "acceptedDate": "1999-11-05 00:00:00", "calendarYear": "2000", "period": "Q1", "revenue": 5384000000, "costOfRevenue": 367000000, "grossProfit": 5017000000, "grossProfitRatio": 0.9318350669, "researchAndDevelopmentExpenses": 834000000, "generalAndAdministrativeExpenses": 0, "sellingAndMarketingExpenses": 0, "sellingGeneralAndAdministrativeExpenses": 1070000000, "otherExpenses": -251000000, "operatingExpenses": 2228000000, "costAndExpenses": 2595000000, "interestIncome": 0, "interestExpense": 0, "depreciationAndAmortization": 345000000, "ebitda": 3134000000, "ebitdaratio": 0.5820950966, "operatingIncome": 2789000000, "operatingIncomeRatio": 0.5180163447, "totalOtherIncomeExpensesNet": 531000000, "incomeBeforeTax": 3320000000, "incomeBeforeTaxRatio": 0.6166419019, "incomeTaxExpense": 1129000000, "netIncome": 2191000000, "netIncomeRatio": 0.4069465082, "eps": 0.22, "epsdiluted": 0.2, "weightedAverageShsOut": 10258000000, "weightedAverageShsOutDil": 11054000000, "link": "https://www.sec.gov/Archives/edgar/data/789019/000103221099001526/0001032210-99-001526-index.html", "finalLink": "https://www.sec.gov/Archives/edgar/data/789019/000103221099001526/"}, {"date": "1999-06-30", "symbol": "MSFT", "reportedCurrency": "USD", "cik": "0000789019", "fillingDate": "1999-09-28", "acceptedDate": "1999-09-28 00:00:00", "calendarYear": "1999", "period": "Q4", "revenue": 6525000000, "costOfRevenue": 1228000000, "grossProfit": 5297000000, "grossProfitRatio": 0.8118007663, "researchAndDevelopmentExpenses": 1081000000, "generalAndAdministrativeExpenses": 0, "sellingAndMarketingExpenses": 0, "sellingGeneralAndAdministrativeExpenses": 762000000, "otherExpenses": 496000000, "operatingExpenses": 2339000000, "costAndExpenses": 3567000000, "interestIncome": 0, "interestExpense": 0, "depreciationAndAmortization": 496000000, "ebitda": 3454000000, "ebitdaratio": 0.529348659, "operatingIncome": 2958000000, "operatingIncomeRatio": 0.4533333333, "totalOtherIncomeExpensesNet": 430000000, "incomeBeforeTax": 3388000000, "incomeBeforeTaxRatio": 0.5192337165, "incomeTaxExpense": 1186000000, "netIncome": 2202000000, "netIncomeRatio": 0.3374712644, "eps": 0.22, "epsdiluted": 0.2, "weightedAverageShsOut": 10200000000, "weightedAverageShsOutDil": 11042000000, "link": "https://www.sec.gov/Archives/edgar/data/789019/000103221099001375/0001032210-99-001375-index.html", "finalLink": "https://www.sec.gov/Archives/edgar/data/789019/000103221099001375/"}, {"date": "1999-03-31", "symbol": "MSFT", "reportedCurrency": "USD", "cik": "0000789019", "fillingDate": "1999-05-14", "acceptedDate": "1999-05-14 00:00:00", "calendarYear": "1999", "period": "Q3", "revenue": 4595000000, "costOfRevenue": 550000000, "grossProfit": 4045000000, "grossProfitRatio": 0.880304679, "researchAndDevelopmentExpenses": 611000000, "generalAndAdministrativeExpenses": 0, "sellingAndMarketingExpenses": 0, "sellingGeneralAndAdministrativeExpenses": 993000000, "otherExpenses": 158000000, "operatingExpenses": 1815000000, "costAndExpenses": 2365000000, "interestIncome": 0, "interestExpense": 0, "depreciationAndAmortization": 158000000, "ebitda": 2388000000, "ebitdaratio": 0.519695321, "operatingIncome": 2230000000, "operatingIncomeRatio": 0.4853101197, "totalOtherIncomeExpensesNet": 719000000, "incomeBeforeTax": 2949000000, "incomeBeforeTaxRatio": 0.6417845484, "incomeTaxExpense": 1032000000, "netIncome": 1917000000, "netIncomeRatio": 0.4171926007, "eps": 0.19, "epsdiluted": 0.18, "weightedAverageShsOut": 10110000000, "weightedAverageShsOutDil": 11024000000, "link": "https://www.sec.gov/Archives/edgar/data/789019/0001032210-99-000791-index.html", "finalLink": "https://www.sec.gov/Archives/edgar/data/789019/0001032210-99-000791.txt"}, {"date": "1998-12-31", "symbol": "MSFT", "reportedCurrency": "USD", "cik": "0000789019", "fillingDate": "1999-02-12", "acceptedDate": "1999-02-12 00:00:00", "calendarYear": "1999", "period": "Q2", "revenue": 5195000000, "costOfRevenue": 611000000, "grossProfit": 4584000000, "grossProfitRatio": 0.8823869105, "researchAndDevelopmentExpenses": 667000000, "generalAndAdministrativeExpenses": 0, "sellingAndMarketingExpenses": 0, "sellingGeneralAndAdministrativeExpenses": 943000000, "otherExpenses": 177000000, "operatingExpenses": 1835000000, "costAndExpenses": 2446000000, "interestIncome": 0, "interestExpense": 0, "depreciationAndAmortization": 177000000, "ebitda": 2926000000, "ebitdaratio": 0.5632338787, "operatingIncome": 2749000000, "operatingIncomeRatio": 0.5291626564, "totalOtherIncomeExpensesNet": 302000000, "incomeBeforeTax": 3051000000, "incomeBeforeTaxRatio": 0.5872954764, "incomeTaxExpense": 1068000000, "netIncome": 1983000000, "netIncomeRatio": 0.3817131858, "eps": 0.2, "epsdiluted": 0.18, "weightedAverageShsOut": 9996000000, "weightedAverageShsOutDil": 10977777778, "link": "https://www.sec.gov/Archives/edgar/data/789019/000103221099000191/0001032210-99-000191-index.html", "finalLink": "https://www.sec.gov/Archives/edgar/data/789019/"}, {"date": "1998-09-30", "symbol": "MSFT", "reportedCurrency": "USD", "cik": "0000789019", "fillingDate": "1998-11-12", "acceptedDate": "1998-11-12 00:00:00", "calendarYear": "1999", "period": "Q1", "revenue": 4193000000, "costOfRevenue": 470000000, "grossProfit": 3723000000, "grossProfitRatio": 0.8879084188, "researchAndDevelopmentExpenses": 611000000, "generalAndAdministrativeExpenses": 0, "sellingAndMarketingExpenses": 0, "sellingGeneralAndAdministrativeExpenses": 811000000, "otherExpenses": 179000000, "operatingExpenses": 1641000000, "costAndExpenses": 2111000000, "interestIncome": 0, "interestExpense": 0, "depreciationAndAmortization": 179000000, "ebitda": 2261000000, "ebitdaratio": 0.5392320534, "operatingIncome": 2082000000, "operatingIncomeRatio": 0.4965418555, "totalOtherIncomeExpensesNet": 421000000, "incomeBeforeTax": 2503000000, "incomeBeforeTaxRatio": 0.5969472931, "incomeTaxExpense": 820000000, "netIncome": 1683000000, "netIncomeRatio": 0.4013832578, "eps": 0.17, "epsdiluted": 0.16, "weightedAverageShsOut": 9858823529, "weightedAverageShsOutDil": 10812903226, "link": "https://www.sec.gov/Archives/edgar/data/789019/000103221098001218/0001032210-98-001218-index.html", "finalLink": "https://www.sec.gov/Archives/edgar/data/789019/"}, {"date": "1998-06-30", "symbol": "MSFT", "reportedCurrency": "USD", "cik": "0000789019", "fillingDate": "1998-09-25", "acceptedDate": "1998-09-25 00:00:00", "calendarYear": "1998", "period": "Q4", "revenue": 3995000000, "costOfRevenue": 66000000, "grossProfit": 3929000000, "grossProfitRatio": 0.9834793492, "researchAndDevelopmentExpenses": 711000000, "generalAndAdministrativeExpenses": 0, "sellingAndMarketingExpenses": 0, "sellingGeneralAndAdministrativeExpenses": 1047000000, "otherExpenses": 347000000, "operatingExpenses": 2006000000, "costAndExpenses": 2072000000, "interestIncome": 0, "interestExpense": 0, "depreciationAndAmortization": 248000000, "ebitda": 2171000000, "ebitdaratio": 0.5434292866, "operatingIncome": 1923000000, "operatingIncomeRatio": 0.4813516896, "totalOtherIncomeExpensesNet": 165000000, "incomeBeforeTax": 2088000000, "incomeBeforeTaxRatio": 0.5226533166, "incomeTaxExpense": 731000000, "netIncome": 1357000000, "netIncomeRatio": 0.3396745932, "eps": 0.14, "epsdiluted": 0.13, "weightedAverageShsOut": 9860000000, "weightedAverageShsOutDil": 10820000000, "link": "https://www.sec.gov/Archives/edgar/data/789019/000103221098001067/0001032210-98-001067-index.html", "finalLink": "https://www.sec.gov/Archives/edgar/data/789019/"}, {"date": "1998-03-31", "symbol": "MSFT", "reportedCurrency": "USD", "cik": "0000789019", "fillingDate": "1998-05-15", "acceptedDate": "1998-05-15 00:00:00", "calendarYear": "1998", "period": "Q3", "revenue": 3774000000, "costOfRevenue": 38000000, "grossProfit": 3736000000, "grossProfitRatio": 0.9899311076, "researchAndDevelopmentExpenses": 597000000, "generalAndAdministrativeExpenses": 0, "sellingAndMarketingExpenses": 0, "sellingGeneralAndAdministrativeExpenses": 933000000, "otherExpenses": 24000000, "operatingExpenses": 1809000000, "costAndExpenses": 1847000000, "interestIncome": 0, "interestExpense": 0, "depreciationAndAmortization": 279000000, "ebitda": 2206000000, "ebitdaratio": 0.5845257022, "operatingIncome": 1927000000, "operatingIncomeRatio": 0.5105988341, "totalOtherIncomeExpensesNet": 130000000, "incomeBeforeTax": 2057000000, "incomeBeforeTaxRatio": 0.545045045, "incomeTaxExpense": 720000000, "netIncome": 1337000000, "netIncomeRatio": 0.3542660307, "eps": 0.14, "epsdiluted": 0.13, "weightedAverageShsOut": 9732000000, "weightedAverageShsOutDil": 10740000000, "link": "https://www.sec.gov/Archives/edgar/data/789019/000103221098000519/0001032210-98-000519-index.html", "finalLink": "https://www.sec.gov/Archives/edgar/data/789019/"}, {"date": "1997-12-31", "symbol": "MSFT", "reportedCurrency": "USD", "cik": "0000789019", "fillingDate": "1998-06-03", "acceptedDate": "1998-06-03 00:00:00", "calendarYear": "1998", "period": "Q2", "revenue": 3585000000, "costOfRevenue": 44000000, "grossProfit": 3541000000, "grossProfitRatio": 0.9877266388, "researchAndDevelopmentExpenses": 627000000, "generalAndAdministrativeExpenses": 0, "sellingAndMarketingExpenses": 0, "sellingGeneralAndAdministrativeExpenses": 982000000, "otherExpenses": 14000000, "operatingExpenses": 1878000000, "costAndExpenses": 1922000000, "interestIncome": 0, "interestExpense": 0, "depreciationAndAmortization": 269000000, "ebitda": 1932000000, "ebitdaratio": 0.5389121339, "operatingIncome": 1663000000, "operatingIncomeRatio": 0.4638772664, "totalOtherIncomeExpensesNet": 107000000, "incomeBeforeTax": 1770000000, "incomeBeforeTaxRatio": 0.4937238494, "incomeTaxExpense": 637000000, "netIncome": 1133000000, "netIncomeRatio": 0.3160390516, "eps": 0.12, "epsdiluted": 0.11, "weightedAverageShsOut": 9696000000, "weightedAverageShsOutDil": 10672000000, "link": "https://www.sec.gov/Archives/edgar/data/789019/000103221098000581/0001032210-98-000581-index.html", "finalLink": "https://www.sec.gov/Archives/edgar/data/789019/"}, {"date": "1997-09-30", "symbol": "MSFT", "reportedCurrency": "USD", "cik": "0000789019", "fillingDate": "1997-10-29", "acceptedDate": "1997-10-29 00:00:00", "calendarYear": "1998", "period": "Q1", "revenue": 3130000000, "costOfRevenue": 25000000, "grossProfit": 3105000000, "grossProfitRatio": 0.9920127796, "researchAndDevelopmentExpenses": 567000000, "generalAndAdministrativeExpenses": 0, "sellingAndMarketingExpenses": 0, "sellingGeneralAndAdministrativeExpenses": 883000000, "otherExpenses": -27000000, "operatingExpenses": 1678000000, "costAndExpenses": 1703000000, "interestIncome": 0, "interestExpense": 0, "depreciationAndAmortization": 228000000, "ebitda": 1655000000, "ebitdaratio": 0.5287539936, "operatingIncome": 1427000000, "operatingIncomeRatio": 0.4559105431, "totalOtherIncomeExpensesNet": -225000000, "incomeBeforeTax": 1202000000, "incomeBeforeTaxRatio": 0.3840255591, "incomeTaxExpense": 539000000, "netIncome": 663000000, "netIncomeRatio": 0.2118210863, "eps": 0.07, "epsdiluted": 0.065, "weightedAverageShsOut": 9640000000, "weightedAverageShsOutDil": 10664000000, "link": "https://www.sec.gov/Archives/edgar/data/789019/000089843097004575/0000898430-97-004575-index.html", "finalLink": "https://www.sec.gov/Archives/edgar/data/789019/"}, {"date": "1997-06-30", "symbol": "MSFT", "reportedCurrency": "USD", "cik": "0000789019", "fillingDate": "1997-09-29", "acceptedDate": "1997-09-29 00:00:00", "calendarYear": "1997", "period": "Q4", "revenue": 3175000000, "costOfRevenue": 99000000, "grossProfit": 3076000000, "grossProfitRatio": 0.9688188976, "researchAndDevelopmentExpenses": 516000000, "generalAndAdministrativeExpenses": 0, "sellingAndMarketingExpenses": 0, "sellingGeneralAndAdministrativeExpenses": 838000000, "otherExpenses": 81000000, "operatingExpenses": 1497000000, "costAndExpenses": 1596000000, "interestIncome": 0, "interestExpense": 0, "depreciationAndAmortization": 143000000, "ebitda": 1722000000, "ebitdaratio": 0.5423622047, "operatingIncome": 1579000000, "operatingIncomeRatio": 0.4973228346, "totalOtherIncomeExpensesNet": 47000000, "incomeBeforeTax": 1626000000, "incomeBeforeTaxRatio": 0.5121259843, "incomeTaxExpense": 569000000, "netIncome": 1057000000, "netIncomeRatio": 0.3329133858, "eps": 0.11, "epsdiluted": 0.1, "weightedAverageShsOut": 9543111111, "weightedAverageShsOutDil": 10523978920, "link": "https://www.sec.gov/Archives/edgar/data/789019/000101706297001764/0001017062-97-001764-index.html", "finalLink": "https://www.sec.gov/Archives/edgar/data/789019/"}, {"date": "1997-03-31", "symbol": "MSFT", "reportedCurrency": "USD", "cik": "0000789019", "fillingDate": "1997-05-15", "acceptedDate": "1997-05-15 00:00:00", "calendarYear": "1997", "period": "Q3", "revenue": 3208000000, "costOfRevenue": 189000000, "grossProfit": 3019000000, "grossProfitRatio": 0.941084788, "researchAndDevelopmentExpenses": 492000000, "generalAndAdministrativeExpenses": 0, "sellingAndMarketingExpenses": 0, "sellingGeneralAndAdministrativeExpenses": 851000000, "otherExpenses": 46000000, "operatingExpenses": 1451000000, "costAndExpenses": 1640000000, "interestIncome": 0, "interestExpense": 0, "depreciationAndAmortization": 108000000, "ebitda": 1676000000, "ebitdaratio": 0.5224438903, "operatingIncome": 1568000000, "operatingIncomeRatio": 0.4887780549, "totalOtherIncomeExpensesNet": 35000000, "incomeBeforeTax": 1603000000, "incomeBeforeTaxRatio": 0.4996882793, "incomeTaxExpense": 561000000, "netIncome": 1042000000, "netIncomeRatio": 0.3248129676, "eps": 0.11, "epsdiluted": 0.1, "weightedAverageShsOut": 9409090909, "weightedAverageShsOutDil": 10350000000, "link": "https://www.sec.gov/Archives/edgar/data/789019/000089102097000879/0000891020-97-000879-index.html", "finalLink": "https://www.sec.gov/Archives/edgar/data/789019/"}, {"date": "1996-12-31", "symbol": "MSFT", "reportedCurrency": "USD", "cik": "0000789019", "fillingDate": "1997-02-14", "acceptedDate": "1997-02-14 00:00:00", "calendarYear": "1997", "period": "Q2", "revenue": 2680000000, "costOfRevenue": 152000000, "grossProfit": 2528000000, "grossProfitRatio": 0.9432835821, "researchAndDevelopmentExpenses": 485000000, "generalAndAdministrativeExpenses": 0, "sellingAndMarketingExpenses": 0, "sellingGeneralAndAdministrativeExpenses": 818000000, "otherExpenses": 82000000, "operatingExpenses": 1447000000, "costAndExpenses": 1599000000, "interestIncome": 0, "interestExpense": 0, "depreciationAndAmortization": 144000000, "ebitda": 1225000000, "ebitdaratio": 0.4570895522, "operatingIncome": 1081000000, "operatingIncomeRatio": 0.403358209, "totalOtherIncomeExpensesNet": 59000000, "incomeBeforeTax": 1140000000, "incomeBeforeTaxRatio": 0.4253731343, "incomeTaxExpense": 399000000, "netIncome": 741000000, "netIncomeRatio": 0.2764925373, "eps": 0.075, "epsdiluted": 0.075, "weightedAverageShsOut": 9866666667, "weightedAverageShsOutDil": 9866666667, "link": "https://www.sec.gov/Archives/edgar/data/789019/000089102097000207/0000891020-97-000207-index.html", "finalLink": "https://www.sec.gov/Archives/edgar/data/789019/"}, {"date": "1996-09-30", "symbol": "MSFT", "reportedCurrency": "USD", "cik": "0000789019", "fillingDate": "1996-11-14", "acceptedDate": "1996-11-14 00:00:00", "calendarYear": "1997", "period": "Q1", "revenue": 2295000000, "costOfRevenue": 88000000, "grossProfit": 2207000000, "grossProfitRatio": 0.9616557734, "researchAndDevelopmentExpenses": 432000000, "generalAndAdministrativeExpenses": 0, "sellingAndMarketingExpenses": 0, "sellingGeneralAndAdministrativeExpenses": 711000000, "otherExpenses": 100000000, "operatingExpenses": 1305000000, "costAndExpenses": 1393000000, "interestIncome": 0, "interestExpense": 0, "depreciationAndAmortization": 162000000, "ebitda": 1064000000, "ebitdaratio": 0.4636165577, "operatingIncome": 902000000, "operatingIncomeRatio": 0.3930283224, "totalOtherIncomeExpensesNet": 43000000, "incomeBeforeTax": 945000000, "incomeBeforeTaxRatio": 0.4117647059, "incomeTaxExpense": 331000000, "netIncome": 614000000, "netIncomeRatio": 0.2675381264, "eps": 0.065, "epsdiluted": 0.06, "weightedAverageShsOut": 9446153846, "weightedAverageShsOutDil": 10233333333, "link": "https://www.sec.gov/Archives/edgar/data/789019/000089102096001463/0000891020-96-001463-index.html", "finalLink": "https://www.sec.gov/Archives/edgar/data/789019/"}, {"date": "1996-06-30", "symbol": "MSFT", "reportedCurrency": "USD", "cik": "0000789019", "fillingDate": "1996-09-27", "acceptedDate": "1996-09-27 00:00:00", "calendarYear": "1996", "period": "Q4", "revenue": 2255000000, "costOfRevenue": 97000000, "grossProfit": 2158000000, "grossProfitRatio": 0.9569844789, "researchAndDevelopmentExpenses": 453000000, "generalAndAdministrativeExpenses": 0, "sellingAndMarketingExpenses": 0, "sellingGeneralAndAdministrativeExpenses": 751000000, "otherExpenses": 144000000, "operatingExpenses": 1348000000, "costAndExpenses": 1445000000, "interestIncome": 0, "interestExpense": 0, "depreciationAndAmortization": 144000000, "ebitda": 954000000, "ebitdaratio": 0.423059867, "operatingIncome": 810000000, "operatingIncomeRatio": 0.3592017738, "totalOtherIncomeExpensesNet": 50000000, "incomeBeforeTax": 860000000, "incomeBeforeTaxRatio": 0.3813747228, "incomeTaxExpense": 301000000, "netIncome": 559000000, "netIncomeRatio": 0.2478935698, "eps": 0.0595, "epsdiluted": 0.055, "weightedAverageShsOut": 9393289689, "weightedAverageShsOutDil": 10162209302, "link": "https://www.sec.gov/Archives/edgar/data/789019/000089102096001130/0000891020-96-001130-index.html", "finalLink": "https://www.sec.gov/Archives/edgar/data/789019/"}, {"date": "1996-03-31", "symbol": "MSFT", "reportedCurrency": "USD", "cik": "0000789019", "fillingDate": "1996-05-15", "acceptedDate": "1996-05-15 00:00:00", "calendarYear": "1996", "period": "Q3", "revenue": 2205000000, "costOfRevenue": 106000000, "grossProfit": 2099000000, "grossProfitRatio": 0.9519274376, "researchAndDevelopmentExpenses": 364000000, "generalAndAdministrativeExpenses": 0, "sellingAndMarketingExpenses": 0, "sellingGeneralAndAdministrativeExpenses": 772000000, "otherExpenses": 189000000, "operatingExpenses": 1325000000, "costAndExpenses": 1431000000, "interestIncome": 0, "interestExpense": 0, "depreciationAndAmortization": 189000000, "ebitda": 963000000, "ebitdaratio": 0.4367346939, "operatingIncome": 774000000, "operatingIncomeRatio": 0.3510204082, "totalOtherIncomeExpensesNet": 90000000, "incomeBeforeTax": 864000000, "incomeBeforeTaxRatio": 0.3918367347, "incomeTaxExpense": 302000000, "netIncome": 562000000, "netIncomeRatio": 0.2548752834, "eps": 0.055, "epsdiluted": 0.055, "weightedAverageShsOut": 10218181818, "weightedAverageShsOutDil": 10218181818, "link": "https://www.sec.gov/Archives/edgar/data/789019/000089102096000492/0000891020-96-000492-index.html", "finalLink": "https://www.sec.gov/Archives/edgar/data/789019/"}, {"date": "1995-12-31", "symbol": "MSFT", "reportedCurrency": "USD", "cik": "0000789019", "fillingDate": "1996-02-13", "acceptedDate": "1996-02-13 00:00:00", "calendarYear": "1996", "period": "Q2", "revenue": 2195000000, "costOfRevenue": 252000000, "grossProfit": 1943000000, "grossProfitRatio": 0.8851936219, "researchAndDevelopmentExpenses": 313000000, "generalAndAdministrativeExpenses": 0, "sellingAndMarketingExpenses": 0, "sellingGeneralAndAdministrativeExpenses": 766000000, "otherExpenses": 78000000, "operatingExpenses": 1157000000, "costAndExpenses": 1409000000, "interestIncome": 0, "interestExpense": 0, "depreciationAndAmortization": 78000000, "ebitda": 864000000, "ebitdaratio": 0.3936218679, "operatingIncome": 786000000, "operatingIncomeRatio": 0.3580865604, "totalOtherIncomeExpensesNet": 99000000, "incomeBeforeTax": 885000000, "incomeBeforeTaxRatio": 0.4031890661, "incomeTaxExpense": 310000000, "netIncome": 575000000, "netIncomeRatio": 0.2619589977, "eps": 0.06, "epsdiluted": 0.06, "weightedAverageShsOut": 9583333333, "weightedAverageShsOutDil": 9583333333, "link": "https://www.sec.gov/Archives/edgar/data/789019/000089102096000086/0000891020-96-000086-index.html", "finalLink": "https://www.sec.gov/Archives/edgar/data/789019/"}, {"date": "1995-09-30", "symbol": "MSFT", "reportedCurrency": "USD", "cik": "0000789019", "fillingDate": "1995-11-14", "acceptedDate": "1995-11-14 00:00:00", "calendarYear": "1996", "period": "Q1", "revenue": 2016000000, "costOfRevenue": 253000000, "grossProfit": 1763000000, "grossProfitRatio": 0.8745039683, "researchAndDevelopmentExpenses": 302000000, "generalAndAdministrativeExpenses": 0, "sellingAndMarketingExpenses": 0, "sellingGeneralAndAdministrativeExpenses": 684000000, "otherExpenses": 69000000, "operatingExpenses": 1055000000, "costAndExpenses": 1308000000, "interestIncome": 0, "interestExpense": 0, "depreciationAndAmortization": 69000000, "ebitda": 777000000, "ebitdaratio": 0.3854166667, "operatingIncome": 708000000, "operatingIncomeRatio": 0.3511904762, "totalOtherIncomeExpensesNet": 62000000, "incomeBeforeTax": 770000000, "incomeBeforeTaxRatio": 0.3819444444, "incomeTaxExpense": 271000000, "netIncome": 499000000, "netIncomeRatio": 0.2475198413, "eps": 0.05, "epsdiluted": 0.05, "weightedAverageShsOut": 9980000000, "weightedAverageShsOutDil": 9980000000, "link": "https://www.sec.gov/Archives/edgar/data/789019/000089102095000534/0000891020-95-000534-index.html", "finalLink": "https://www.sec.gov/Archives/edgar/data/789019/"}, {"date": "1995-06-30", "symbol": "MSFT", "reportedCurrency": "USD", "cik": "0000789019", "fillingDate": "1995-09-25", "acceptedDate": "1995-09-25 00:00:00", "calendarYear": "1995", "period": "Q4", "revenue": 1621000000, "costOfRevenue": 168000000, "grossProfit": 1453000000, "grossProfitRatio": 0.8963602714, "researchAndDevelopmentExpenses": 264000000, "generalAndAdministrativeExpenses": 0, "sellingAndMarketingExpenses": 0, "sellingGeneralAndAdministrativeExpenses": 591000000, "otherExpenses": 66000000, "operatingExpenses": 921000000, "costAndExpenses": 1089000000, "interestIncome": 0, "interestExpense": 0, "depreciationAndAmortization": 66000000, "ebitda": 598000000, "ebitdaratio": 0.3689080814, "operatingIncome": 532000000, "operatingIncomeRatio": 0.3281924738, "totalOtherIncomeExpensesNet": 15000000, "incomeBeforeTax": 547000000, "incomeBeforeTaxRatio": 0.337446021, "incomeTaxExpense": 179000000, "netIncome": 368000000, "netIncomeRatio": 0.2270203578, "eps": 0.035, "epsdiluted": 0.035, "weightedAverageShsOut": 10537090909, "weightedAverageShsOutDil": 10537090909, "link": "https://www.sec.gov/Archives/edgar/data/789019/000089102095000433/0000891020-95-000433-index.html", "finalLink": "https://www.sec.gov/Archives/edgar/data/789019/"}]